<?xml version="1.0" encoding="UTF-8"?>
<!DOCTYPE html PUBLIC "-//W3C//DTD XHTML 1.0 Transitional//EN"
    "http://www.w3.org/TR/xhtml1/DTD/xhtml1-transitional.dtd">
<html xmlns="http://www.w3.org/1999/xhtml" xml:lang="en" lang="en">
 <head>
  <title>
</title>
<meta http-equiv="Content-Type" content="text/html;charset=utf-8" />
  <meta name='ocr-system' content='tesseract 3.04.00' />
  <meta name='ocr-capabilities' content='ocr_page ocr_carea ocr_par ocr_line ocrx_word'/>
</head>
<body>
  <div class='ocr_page' id='page_1' title='image "./anecdotumromanu00osangoog_0063.png"; bbox 0 0 2902 4822; ppageno 0'>
   <div class='ocr_carea' id='block_1_1' title="bbox 695 436 1243 510">
    <p class='ocr_par' dir='ltr' id='par_1_1' title="bbox 695 436 1243 510">
     <span class='ocr_line' id='line_1_1' title="bbox 695 436 1243 510; baseline -0.016 -1"><span class='ocrx_word' id='word_1_1' title='bbox 695 436 746 510; x_wconf 85' lang='grc'><strong>45</strong></span> <span class='ocrx_word' id='word_1_2' title='bbox 937 439 940 446; x_wconf 85' lang='grc'><strong>“</strong></span> <span class='ocrx_word' id='word_1_3' title='bbox 1229 461 1243 500; x_wconf 73' lang='grc' dir='ltr'><strong><em>ο</em></strong></span> 
     </span>
    </p>
   </div>
   <div class='ocr_carea' id='block_1_2' title="bbox 83 623 1324 4292">
    <p class='ocr_par' dir='ltr' id='par_1_2' title="bbox 83 623 1324 1841">
     <span class='ocr_line' id='line_1_2' title="bbox 163 623 1276 713; baseline 0.004 -22"><span class='ocrx_word' id='word_1_4' title='bbox 163 627 289 692; x_wconf 87' lang='lat' dir='ltr'><strong>sionem</strong></span> <span class='ocrx_word' id='word_1_5' title='bbox 310 625 508 692; x_wconf 81' lang='lat' dir='ltr'><strong>scholiorum</strong></span> <span class='ocrx_word' id='word_1_6' title='bbox 540 623 645 688; x_wconf 84' lang='lat' dir='ltr'><strong>editor</strong></span> <span class='ocrx_word' id='word_1_7' title='bbox 665 626 793 689; x_wconf 90' lang='lat' dir='ltr'><strong>nomina</strong></span> <span class='ocrx_word' id='word_1_8' title='bbox 815 628 992 711; x_wconf 85' lang='lat' dir='ltr'><strong>signorum,</strong></span> <span class='ocrx_word' id='word_1_9' title='bbox 1026 628 1058 690; x_wconf 93' lang='lat' dir='ltr'><strong>in</strong></span> <span class='ocrx_word' id='word_1_10' title='bbox 1081 627 1198 713; x_wconf 88' lang='lat' dir='ltr'><strong>quibus</strong></span> <span class='ocrx_word' id='word_1_11' title='bbox 1220 651 1276 695; x_wconf 85' lang='lat' dir='ltr'><strong>ex·</strong></span> 
     </span>
     <span class='ocr_line' id='line_1_3' title="bbox 163 727 1277 814; baseline 0.005 -21"><span class='ocrx_word' id='word_1_12' title='bbox 163 729 321 814; x_wconf 91' lang='lat' dir='ltr'><strong>plicandis</strong></span> <span class='ocrx_word' id='word_1_13' title='bbox 343 738 493 794; x_wconf 85' lang='lat' dir='ltr'><strong>versetur</strong></span> <span class='ocrx_word' id='word_1_14' title='bbox 514 727 683 811; x_wconf 88' lang='lat' dir='ltr'><strong>scholium,</strong></span> <span class='ocrx_word' id='word_1_15' title='bbox 707 731 736 792; x_wconf 88' lang='lat' dir='ltr'><strong>ei</strong></span> <span class='ocrx_word' id='word_1_16' title='bbox 758 749 972 813; x_wconf 86' lang='lat' dir='ltr'><strong>praeponens,</strong></span> <span class='ocrx_word' id='word_1_17' title='bbox 1003 732 1140 814; x_wconf 88' lang='lat' dir='ltr'><strong>quaein</strong></span> <span class='ocrx_word' id='word_1_18' title='bbox 1162 733 1277 799; x_wconf 88' lang='lat' dir='ltr'><strong>codice</strong></span> 
     </span>
     <span class='ocr_line' id='line_1_4' title="bbox 162 830 1275 921; baseline 0.004 -25"><span class='ocrx_word' id='word_1_19' title='bbox 162 832 245 897; x_wconf 91' lang='lat' dir='ltr'><strong>Ven.</strong></span> <span class='ocrx_word' id='word_1_20' title='bbox 268 833 371 897; x_wconf 91' lang='lat' dir='ltr'><strong>omitti</strong></span> <span class='ocrx_word' id='word_1_21' title='bbox 393 831 513 896; x_wconf 85' lang='lat' dir='ltr'><strong>solent:</strong></span> <span class='ocrx_word' id='word_1_22' title='bbox 549 830 636 895; x_wconf 88' lang='lat' dir='ltr'><strong>haud</strong></span> <span class='ocrx_word' id='word_1_23' title='bbox 658 850 731 894; x_wconf 90' lang='lat' dir='ltr'><strong>raro</strong></span> <span class='ocrx_word' id='word_1_24' title='bbox 754 833 788 894; x_wconf 95' lang='lat' dir='ltr'><strong>in</strong></span> <span class='ocrx_word' id='word_1_25' title='bbox 808 833 880 896; x_wconf 88' lang='lat' dir='ltr'><strong>istis</strong></span> <span class='ocrx_word' id='word_1_26' title='bbox 903 830 1127 898; x_wconf 76' lang='lat' dir='ltr'><strong>additamentis</strong></span> <span class='ocrx_word' id='word_1_27' title='bbox 1151 856 1275 921; x_wconf 89' lang='lat' dir='ltr'><strong>errans,</strong></span> 
     </span>
     <span class='ocr_line' id='line_1_5' title="bbox 99 933 1322 1024; baseline 0.003 -24"><span class='ocrx_word' id='word_1_28' title='bbox 99 968 102 974; x_wconf 96' lang='lat'>·</span> <span class='ocrx_word' id='word_1_29' title='bbox 163 935 312 1019; x_wconf 90' lang='lat' dir='ltr'><strong>aliusque</strong></span> <span class='ocrx_word' id='word_1_30' title='bbox 334 935 419 1019; x_wconf 84' lang='lat' dir='ltr'><strong>signi</strong></span> <span class='ocrx_word' id='word_1_31' title='bbox 442 954 558 998; x_wconf 90' lang='lat' dir='ltr'><strong>nomen</strong></span> <span class='ocrx_word' id='word_1_32' title='bbox 581 933 706 997; x_wconf 88' lang='lat' dir='ltr'><strong>scholio</strong></span> <span class='ocrx_word' id='word_1_33' title='bbox 728 935 862 1016; x_wconf 89' lang='lat' dir='ltr'><strong>addens,</strong></span> <span class='ocrx_word' id='word_1_34' title='bbox 887 955 985 1018; x_wconf 90' lang='lat' dir='ltr'><strong>quum</strong></span> <span class='ocrx_word' id='word_1_35' title='bbox 1007 936 1094 1000; x_wconf 90' lang='lat' dir='ltr'><strong>aliud</strong></span> <span class='ocrx_word' id='word_1_36' title='bbox 1111 938 1144 1000; x_wconf 95' lang='lat' dir='ltr'><strong>in</strong></span> <span class='ocrx_word' id='word_1_37' title='bbox 1163 939 1277 1024; x_wconf 78' lang='lat' dir='ltr'><strong>codice</strong></span> <span class='ocrx_word' id='word_1_38' title='bbox 1321 953 1322 957; x_wconf 77' lang='grc'>’</span> 
     </span>
     <span class='ocr_line' id='line_1_6' title="bbox 163 1038 1278 1124; baseline 0.004 -23"><span class='ocrx_word' id='word_1_39' title='bbox 163 1048 238 1102; x_wconf 90' lang='lat' dir='ltr'><strong>ante</strong></span> <span class='ocrx_word' id='word_1_40' title='bbox 260 1057 392 1102; x_wconf 89' lang='lat' dir='ltr'><strong>versum</strong></span> <span class='ocrx_word' id='word_1_41' title='bbox 414 1039 606 1119; x_wconf 90' lang='lat' dir='ltr'><strong>inveniatur,</strong></span> <span class='ocrx_word' id='word_1_42' title='bbox 631 1047 686 1101; x_wconf 91' lang='lat' dir='ltr'><strong>aut</strong></span> <span class='ocrx_word' id='word_1_43' title='bbox 709 1038 750 1101; x_wconf 90' lang='lat' dir='ltr'><strong>ad</strong></span> <span class='ocrx_word' id='word_1_44' title='bbox 774 1048 960 1119; x_wconf 90' lang='lat' dir='ltr'><strong>corruptum</strong></span> <span class='ocrx_word' id='word_1_45' title='bbox 975 1040 1103 1124; x_wconf 85' lang='lat' dir='ltr'><strong>signum</strong></span> <span class='ocrx_word' id='word_1_46' title='bbox 1118 1042 1278 1107; x_wconf 89' lang='lat' dir='ltr'><strong>scholium</strong></span> 
     </span>
     <span class='ocr_line' id='line_1_7' title="bbox 163 1139 1276 1228; baseline 0.004 -23"><span class='ocrx_word' id='word_1_47' title='bbox 163 1143 320 1223; x_wconf 87' lang='lat' dir='ltr'><strong>referens,</strong></span> <span class='ocrx_word' id='word_1_48' title='bbox 343 1139 505 1204; x_wconf 89' lang='lat' dir='ltr'><strong>interdum</strong></span> <span class='ocrx_word' id='word_1_49' title='bbox 527 1140 623 1204; x_wconf 90' lang='lat' dir='ltr'><strong>etiam</strong></span> <span class='ocrx_word' id='word_1_50' title='bbox 645 1161 719 1205; x_wconf 87' lang='lat' dir='ltr'><strong>curn</strong></span> <span class='ocrx_word' id='word_1_51' title='bbox 738 1143 831 1226; x_wconf 82' lang='lat' dir='ltr'><strong>signo</strong></span> <span class='ocrx_word' id='word_1_52' title='bbox 848 1160 867 1202; x_wconf 91' lang='lat' dir='ltr'><strong>a</strong></span> <span class='ocrx_word' id='word_1_53' title='bbox 885 1143 1005 1228; x_wconf 90' lang='lat' dir='ltr'><strong>recenti</strong></span> <span class='ocrx_word' id='word_1_54' title='bbox 1024 1164 1120 1208; x_wconf 88' lang='lat' dir='ltr'><strong>manu</strong></span> <span class='ocrx_word' id='word_1_55' title='bbox 1134 1147 1276 1228; x_wconf 87' lang='lat' dir='ltr'><strong>appicto,</strong></span> 
     </span>
     <span class='ocr_line' id='line_1_8' title="bbox 163 1228 1277 1326; baseline 0.003 -17"><span class='ocrx_word' id='word_1_56' title='bbox 163 1246 218 1309; x_wconf 92' lang='lat' dir='ltr'><strong>cui</strong></span> <span class='ocrx_word' id='word_1_57' title='bbox 240 1244 326 1308; x_wconf 84' lang='lat' dir='ltr'><strong>nulla</strong></span> <span class='ocrx_word' id='word_1_58' title='bbox 347 1228 609 1326; x_wconf 86' lang='lat' dir='ltr'><strong>inexquirendis</strong></span> <span class='ocrx_word' id='word_1_59' title='bbox 627 1242 807 1308; x_wconf 82' lang='lat' dir='ltr'><strong>Aristarchi</strong></span> <span class='ocrx_word' id='word_1_60' title='bbox 829 1242 945 1306; x_wconf 89' lang='lat' dir='ltr'><strong>studiis</strong></span> <span class='ocrx_word' id='word_1_61' title='bbox 962 1242 1142 1311; x_wconf 86' lang='lat' dir='ltr'><strong>Homericis</strong></span> <span class='ocrx_word' id='word_1_62' title='bbox 1166 1260 1277 1313; x_wconf 89' lang='lat' dir='ltr'><strong>aucte·</strong></span> 
     </span>
     <span class='ocr_line' id='line_1_9' title="bbox 164 1343 1278 1435; baseline 0.004 -24"><span class='ocrx_word' id='word_1_63' title='bbox 164 1348 244 1412; x_wconf 87' lang='lat' dir='ltr'><strong>ritas</strong></span> <span class='ocrx_word' id='word_1_64' title='bbox 275 1367 349 1411; x_wconf 90' lang='lat' dir='ltr'><strong>esse</strong></span> <span class='ocrx_word' id='word_1_65' title='bbox 379 1354 498 1429; x_wconf 89' lang='lat' dir='ltr'><strong>potest,</strong></span> <span class='ocrx_word' id='word_1_66' title='bbox 532 1343 690 1408; x_wconf 88' lang='lat' dir='ltr'><strong>scholium</strong></span> <span class='ocrx_word' id='word_1_67' title='bbox 719 1346 930 1430; x_wconf 81' lang='lat' dir='ltr'><strong>coniungens,</strong></span> <span class='ocrx_word' id='word_1_68' title='bbox 962 1348 1049 1430; x_wconf 93' lang='lat' dir='ltr'><strong>quod</strong></span> <span class='ocrx_word' id='word_1_69' title='bbox 1078 1349 1117 1413; x_wconf 93' lang='lat' dir='ltr'><strong>ad</strong></span> <span class='ocrx_word' id='word_1_70' title='bbox 1147 1352 1278 1435; x_wconf 87' lang='lat' dir='ltr'><strong>antiqua</strong></span> 
     </span>
     <span class='ocr_line' id='line_1_10' title="bbox 162 1446 1324 1538; baseline 0.004 -25"><span class='ocrx_word' id='word_1_71' title='bbox 162 1449 219 1513; x_wconf 91' lang='lat' dir='ltr'><strong>illa</strong></span> <span class='ocrx_word' id='word_1_72' title='bbox 241 1451 332 1535; x_wconf 82' lang='lat' dir='ltr'><strong>signa</strong></span> <span class='ocrx_word' id='word_1_73' title='bbox 353 1450 520 1532; x_wconf 87' lang='lat' dir='ltr'><strong>pertineat.</strong></span> <span class='ocrx_word' id='word_1_74' title='bbox 559 1446 674 1531; x_wconf 85' lang='lat' dir='ltr'><strong>Neque</strong></span> <span class='ocrx_word' id='word_1_75' title='bbox 695 1449 760 1512; x_wconf 88' lang='lat' dir='ltr'><strong>hoo</strong></span> <span class='ocrx_word' id='word_1_76' title='bbox 782 1449 887 1512; x_wconf 90' lang='lat' dir='ltr'><strong>solum</strong></span> <span class='ocrx_word' id='word_1_77' title='bbox 918 1453 1147 1515; x_wconf 90' lang='lat' dir='ltr'><strong>commiserunt</strong></span> <span class='ocrx_word' id='word_1_78' title='bbox 1159 1474 1170 1536; x_wconf 82' lang='lat'>3</span> <span class='ocrx_word' id='word_1_79' title='bbox 1207 1454 1277 1538; x_wconf 89' lang='lat' dir='ltr'><strong>sed,</strong></span> <span class='ocrx_word' id='word_1_80' title='bbox 1315 1449 1324 1468; x_wconf 82' lang='lat'><em>&#39;</em></span> 
     </span>
     <span class='ocr_line' id='line_1_11' title="bbox 165 1551 1300 1636; baseline 0.004 -20"><span class='ocrx_word' id='word_1_81' title='bbox 165 1552 254 1636; x_wconf 90' lang='lat' dir='ltr'><strong>quod</strong></span> <span class='ocrx_word' id='word_1_82' title='bbox 275 1552 361 1633; x_wconf 83' lang='lat' dir='ltr'><strong>iacit,</strong></span> <span class='ocrx_word' id='word_1_83' title='bbox 393 1561 428 1615; x_wconf 91' lang='lat' dir='ltr'><strong>ut</strong></span> <span class='ocrx_word' id='word_1_84' title='bbox 451 1551 616 1635; x_wconf 73' lang='lat' dir='ltr'><strong>quaestic,</strong></span> <span class='ocrx_word' id='word_1_85' title='bbox 640 1553 673 1613; x_wconf 94' lang='lat' dir='ltr'><strong>in</strong></span> <span class='ocrx_word' id='word_1_86' title='bbox 696 1573 756 1635; x_wconf 91' lang='lat' dir='ltr'><strong>qna</strong></span> <span class='ocrx_word' id='word_1_87' title='bbox 789 1572 875 1616; x_wconf 94' lang='lat' dir='ltr'><strong>nunc</strong></span> <span class='ocrx_word' id='word_1_88' title='bbox 897 1574 1076 1636; x_wconf 86' lang='lat' dir='ltr'><strong>versamur,</strong></span> <span class='ocrx_word' id='word_1_89' title='bbox 1112 1575 1153 1618; x_wconf 85' lang='lat' dir='ltr'><strong>ex</strong></span> <span class='ocrx_word' id='word_1_90' title='bbox 1183 1556 1300 1622; x_wconf 89' lang='lat' dir='ltr'><strong>editis·</strong></span> 
     </span>
     <span class='ocr_line' id='line_1_12' title="bbox 83 1653 1279 1742; baseline 0.004 -23"><span class='ocrx_word' id='word_1_91' title='bbox 83 1675 85 1679; x_wconf 66' lang='lat'>‘</span> <span class='ocrx_word' id='word_1_92' title='bbox 164 1654 297 1719; x_wconf 87' lang='lat' dir='ltr'><strong>scholiis</strong></span> <span class='ocrx_word' id='word_1_93' title='bbox 323 1664 412 1718; x_wconf 88' lang='lat' dir='ltr'><strong>recte</strong></span> <span class='ocrx_word' id='word_1_94' title='bbox 446 1653 612 1717; x_wconf 90' lang='lat' dir='ltr'><strong>diiudicari</strong></span> <span class='ocrx_word' id='word_1_95' title='bbox 641 1665 790 1738; x_wconf 86' lang='lat' dir='ltr'><strong>nequeat,</strong></span> <span class='ocrx_word' id='word_1_96' title='bbox 820 1674 885 1716; x_wconf 91' lang='lat' dir='ltr'><strong>non</strong></span> <span class='ocrx_word' id='word_1_97' title='bbox 908 1675 1012 1737; x_wconf 89' lang='lat' dir='ltr'><strong>panca</strong></span> <span class='ocrx_word' id='word_1_98' title='bbox 1045 1658 1137 1742; x_wconf 82' lang='lat' dir='ltr'><strong>signa</strong></span> <span class='ocrx_word' id='word_1_99' title='bbox 1167 1661 1279 1724; x_wconf 89' lang='lat' dir='ltr'><strong>critica</strong></span> 
     </span>
     <span class='ocr_line' id='line_1_13' title="bbox 164 1756 1276 1841; baseline 0.004 -20"><span class='ocrx_word' id='word_1_100' title='bbox 164 1758 414 1841; x_wconf 86' lang='lat' dir='ltr'><strong>compluresque</strong></span> <span class='ocrx_word' id='word_1_101' title='bbox 427 1756 606 1820; x_wconf 87' lang='lat' dir='ltr'><strong>Aristonici</strong></span> <span class='ocrx_word' id='word_1_102' title='bbox 625 1760 849 1822; x_wconf 84' lang='lat' dir='ltr'><strong>annotationes</strong></span> <span class='ocrx_word' id='word_1_103' title='bbox 868 1758 1056 1823; x_wconf 83' lang='lat' dir='ltr'><strong>festinantes</strong></span> <span class='ocrx_word' id='word_1_104' title='bbox 1071 1762 1276 1826; x_wconf 72' lang='lat' dir='ltr'><strong>omiserunt,n</strong></span> 
     </span>
    </p>

    <p class='ocr_par' dir='ltr' id='par_1_3' title="bbox 163 1846 1305 4292">
     <span class='ocr_line' id='line_1_14' title="bbox 250 1846 1279 1949; baseline 0.005 -24"><span class='ocrx_word' id='word_1_105' title='bbox 250 1861 415 1925; x_wconf 89' lang='lat' dir='ltr'><strong>Hactenus</strong></span> <span class='ocrx_word' id='word_1_106' title='bbox 438 1859 662 1946; x_wconf 81' lang='lat' dir='ltr'><strong>Pluygersius,</strong></span> <span class='ocrx_word' id='word_1_107' title='bbox 686 1861 778 1924; x_wconf 91' lang='lat' dir='ltr'><strong>cuius</strong></span> <span class='ocrx_word' id='word_1_108' title='bbox 802 1883 842 1924; x_wconf 87' lang='lat' dir='ltr'><strong>ex</strong></span> <span class='ocrx_word' id='word_1_109' title='bbox 864 1846 993 1925; x_wconf 89' lang='lat' dir='ltr'><strong>monitis</strong></span> <span class='ocrx_word' id='word_1_110' title='bbox 1017 1883 1115 1946; x_wconf 91' lang='lat' dir='ltr'><strong>quum</strong></span> <span class='ocrx_word' id='word_1_111' title='bbox 1137 1866 1200 1929; x_wconf 87' lang='lat' dir='ltr'><strong>iarn</strong></span> <span class='ocrx_word' id='word_1_112' title='bbox 1222 1886 1279 1949; x_wconf 90' lang='lat' dir='ltr'><strong>pa·</strong></span> 
     </span>
     <span class='ocr_line' id='line_1_15' title="bbox 163 1960 1305 2049; baseline 0.004 -20"><span class='ocrx_word' id='word_1_113' title='bbox 163 1975 241 2047; x_wconf 88' lang='lat' dir='ltr'><strong>teat,</strong></span> <span class='ocrx_word' id='word_1_114' title='bbox 264 1965 297 2027; x_wconf 96' lang='lat' dir='ltr'><strong>in</strong></span> <span class='ocrx_word' id='word_1_115' title='bbox 314 1964 386 2029; x_wconf 85' lang='lat' dir='ltr'><strong>cod.</strong></span> <span class='ocrx_word' id='word_1_116' title='bbox 407 1960 485 2025; x_wconf 90' lang='lat' dir='ltr'><strong>Ven.</strong></span> <span class='ocrx_word' id='word_1_117' title='bbox 506 1981 611 2045; x_wconf 92' lang='lat' dir='ltr'><strong>neque</strong></span> <span class='ocrx_word' id='word_1_118' title='bbox 630 1964 787 2048; x_wconf 82' lang='lat' dir='ltr'><strong>integram</strong></span> <span class='ocrx_word' id='word_1_119' title='bbox 804 1963 910 2026; x_wconf 89' lang='lat' dir='ltr'><strong>lliadis</strong></span> <span class='ocrx_word' id='word_1_120' title='bbox 929 1966 1137 2049; x_wconf 90' lang='lat' dir='ltr'><strong>notationem,</strong></span> <span class='ocrx_word' id='word_1_121' title='bbox 1160 1968 1280 2032; x_wconf 91' lang='lat' dir='ltr'><strong>nedum</strong></span> <span class='ocrx_word' id='word_1_122' title='bbox 1304 2029 1305 2033; x_wconf 75' lang='grc'>,</span> 
     </span>
     <span class='ocr_line' id='line_1_16' title="bbox 163 2065 1280 2155; baseline 0.001 -22"><span class='ocrx_word' id='word_1_123' title='bbox 163 2090 278 2154; x_wconf 85' lang='lat' dir='ltr'><strong>puram</strong></span> <span class='ocrx_word' id='word_1_124' title='bbox 305 2067 548 2146; x_wconf 89' lang='lat' dir='ltr'><strong>Aristarchiam,</strong></span> <span class='ocrx_word' id='word_1_125' title='bbox 579 2065 672 2147; x_wconf 90' lang='lat' dir='ltr'><strong>tradi,</strong></span> <span class='ocrx_word' id='word_1_126' title='bbox 703 2066 851 2129; x_wconf 84' lang='lat' dir='ltr'><strong>traditam</strong></span> <span class='ocrx_word' id='word_1_127' title='bbox 881 2078 988 2130; x_wconf 89' lang='lat' dir='ltr'><strong>autem</strong></span> <span class='ocrx_word' id='word_1_128' title='bbox 1016 2068 1149 2152; x_wconf 87' lang='lat' dir='ltr'><strong>insuper</strong></span> <span class='ocrx_word' id='word_1_129' title='bbox 1177 2071 1280 2155; x_wconf 86' lang='lat' dir='ltr'><strong>negli-</strong></span> 
     </span>
     <span class='ocr_line' id='line_1_17' title="bbox 164 2169 1278 2258; baseline 0.001 -23"><span class='ocrx_word' id='word_1_130' title='bbox 164 2174 273 2258; x_wconf 82' lang='lat' dir='ltr'><strong>gentia</strong></span> <span class='ocrx_word' id='word_1_131' title='bbox 295 2172 453 2235; x_wconf 91' lang='lat' dir='ltr'><strong>editorum</strong></span> <span class='ocrx_word' id='word_1_132' title='bbox 475 2172 618 2251; x_wconf 87' lang='lat' dir='ltr'><strong>pessimo</strong></span> <span class='ocrx_word' id='word_1_133' title='bbox 642 2169 791 2250; x_wconf 88' lang='lat' dir='ltr'><strong>exemplo</strong></span> <span class='ocrx_word' id='word_1_134' title='bbox 815 2169 960 2233; x_wconf 90' lang='lat' dir='ltr'><strong>exhiberi</strong></span> <span class='ocrx_word' id='word_1_135' title='bbox 983 2169 1035 2232; x_wconf 92' lang='lat' dir='ltr'><strong>vel</strong></span> <span class='ocrx_word' id='word_1_136' title='bbox 1060 2171 1278 2257; x_wconf 82' lang='lat' dir='ltr'><strong>obscuratam,</strong></span> 
     </span>
     <span class='ocr_line' id='line_1_18' title="bbox 164 2267 1278 2358; baseline 0.002 -20"><span class='ocrx_word' id='word_1_137' title='bbox 164 2267 221 2340; x_wconf 86' lang='lat' dir='ltr'><strong>vel</strong></span> <span class='ocrx_word' id='word_1_138' title='bbox 241 2277 336 2339; x_wconf 91' lang='lat' dir='ltr'><strong>etiam</strong></span> <span class='ocrx_word' id='word_1_139' title='bbox 357 2272 481 2353; x_wconf 83' lang='lat' dir='ltr'><strong>salsam,</strong></span> <span class='ocrx_word' id='word_1_140' title='bbox 506 2283 658 2355; x_wconf 90' lang='lat' dir='ltr'><strong>quantum</strong></span> <span class='ocrx_word' id='word_1_141' title='bbox 688 2271 730 2332; x_wconf 88' lang='lat' dir='ltr'><strong>ad</strong></span> <span class='ocrx_word' id='word_1_142' title='bbox 753 2271 930 2335; x_wconf 87' lang='lat' dir='ltr'><strong>doctrinam</strong></span> <span class='ocrx_word' id='word_1_143' title='bbox 961 2272 1001 2334; x_wconf 91' lang='lat' dir='ltr'><strong>de</strong></span> <span class='ocrx_word' id='word_1_144' title='bbox 1034 2274 1136 2358; x_wconf 83' lang='lat' dir='ltr'><strong>signis</strong></span> <span class='ocrx_word' id='word_1_145' title='bbox 1160 2276 1278 2340; x_wconf 87' lang='lat' dir='ltr'><strong>criticis</strong></span> 
     </span>
     <span class='ocr_line' id='line_1_19' title="bbox 164 2373 1279 2460; baseline -0.003 -17"><span class='ocrx_word' id='word_1_146' title='bbox 164 2379 363 2443; x_wconf 88' lang='lat' dir='ltr'><strong>noscendam</strong></span> <span class='ocrx_word' id='word_1_147' title='bbox 382 2376 480 2439; x_wconf 90' lang='lat' dir='ltr'><strong>tetius</strong></span> <span class='ocrx_word' id='word_1_148' title='bbox 498 2374 583 2438; x_wconf 91' lang='lat' dir='ltr'><strong>illius</strong></span> <span class='ocrx_word' id='word_1_149' title='bbox 597 2373 726 2438; x_wconf 83' lang='lat' dir='ltr'><strong>Codicis</strong></span> <span class='ocrx_word' id='word_1_150' title='bbox 747 2373 828 2436; x_wconf 91' lang='lat' dir='ltr'><strong>fides</strong></span> <span class='ocrx_word' id='word_1_151' title='bbox 844 2375 887 2436; x_wconf 88' lang='lat' dir='ltr'><strong>ita</strong></span> <span class='ocrx_word' id='word_1_152' title='bbox 902 2384 1095 2457; x_wconf 88' lang='lat' dir='ltr'><strong>attenuatur,</strong></span> <span class='ocrx_word' id='word_1_153' title='bbox 1111 2384 1147 2438; x_wconf 90' lang='lat' dir='ltr'><strong>ut</strong></span> <span class='ocrx_word' id='word_1_154' title='bbox 1168 2397 1279 2460; x_wconf 89' lang='lat' dir='ltr'><strong>quam·</strong></span> 
     </span>
     <span class='ocr_line' id='line_1_20' title="bbox 164 2476 1279 2563; baseline -0.004 -17"><span class='ocrx_word' id='word_1_155' title='bbox 164 2484 215 2546; x_wconf 89' lang='lat' dir='ltr'><strong>vis</strong></span> <span class='ocrx_word' id='word_1_156' title='bbox 246 2483 278 2544; x_wconf 92' lang='lat' dir='ltr'><strong>in</strong></span> <span class='ocrx_word' id='word_1_157' title='bbox 310 2479 456 2563; x_wconf 88' lang='lat' dir='ltr'><strong>plurimis</strong></span> <span class='ocrx_word' id='word_1_158' title='bbox 486 2477 675 2542; x_wconf 89' lang='lat' dir='ltr'><strong>utilissimus</strong></span> <span class='ocrx_word' id='word_1_159' title='bbox 682 2522 691 2558; x_wconf 94' lang='lat'><strong>,</strong></span> <span class='ocrx_word' id='word_1_160' title='bbox 724 2486 831 2539; x_wconf 88' lang='lat' dir='ltr'><strong>tamen</strong></span> <span class='ocrx_word' id='word_1_161' title='bbox 859 2476 890 2538; x_wconf 87' lang='lat' dir='ltr'><strong>in</strong></span> <span class='ocrx_word' id='word_1_162' title='bbox 924 2478 1022 2540; x_wconf 91' lang='lat' dir='ltr'><strong>certis</strong></span> <span class='ocrx_word' id='word_1_163' title='bbox 1045 2478 1182 2541; x_wconf 89' lang='lat' dir='ltr'><strong>testibus</strong></span> <span class='ocrx_word' id='word_1_164' title='bbox 1205 2488 1279 2543; x_wconf 89' lang='lat' dir='ltr'><strong>ante</strong></span> 
     </span>
     <span class='ocr_line' id='line_1_21' title="bbox 164 2578 1280 2669; baseline -0.001 -22"><span class='ocrx_word' id='word_1_165' title='bbox 164 2583 277 2648; x_wconf 89' lang='lat' dir='ltr'><strong>haberi</strong></span> <span class='ocrx_word' id='word_1_166' title='bbox 295 2592 443 2669; x_wconf 89' lang='lat' dir='ltr'><strong>nequeat,</strong></span> <span class='ocrx_word' id='word_1_167' title='bbox 467 2582 528 2643; x_wconf 91' lang='lat' dir='ltr'><strong>nisi</strong></span> <span class='ocrx_word' id='word_1_168' title='bbox 542 2582 699 2664; x_wconf 85' lang='lat' dir='ltr'><strong>cuiusque</strong></span> <span class='ocrx_word' id='word_1_169' title='bbox 712 2578 776 2642; x_wconf 91' lang='lat' dir='ltr'><strong>loci</strong></span> <span class='ocrx_word' id='word_1_170' title='bbox 792 2578 934 2642; x_wconf 89' lang='lat' dir='ltr'><strong>conditio</strong></span> <span class='ocrx_word' id='word_1_171' title='bbox 949 2591 1099 2644; x_wconf 89' lang='lat' dir='ltr'><strong>accurate</strong></span> <span class='ocrx_word' id='word_1_172' title='bbox 1111 2582 1280 2665; x_wconf 88' lang='lat' dir='ltr'><strong>explorata</strong></span> 
     </span>
     <span class='ocr_line' id='line_1_22' title="bbox 165 2682 1279 2772; baseline -0.002 -21"><span class='ocrx_word' id='word_1_173' title='bbox 165 2697 197 2751; x_wconf 92' lang='lat' dir='ltr'><strong>et</strong></span> <span class='ocrx_word' id='word_1_174' title='bbox 220 2686 351 2772; x_wconf 82' lang='lat' dir='ltr'><strong>vulgata</strong></span> <span class='ocrx_word' id='word_1_175' title='bbox 372 2687 424 2749; x_wconf 89' lang='lat' dir='ltr'><strong>sit.</strong></span> <span class='ocrx_word' id='word_1_176' title='bbox 458 2683 554 2765; x_wconf 80' lang='lat' dir='ltr'><strong>Quod</strong></span> <span class='ocrx_word' id='word_1_177' title='bbox 576 2693 611 2746; x_wconf 91' lang='lat' dir='ltr'><strong>nt</strong></span> <span class='ocrx_word' id='word_1_178' title='bbox 641 2682 831 2766; x_wconf 90' lang='lat' dir='ltr'><strong>quantocius</strong></span> <span class='ocrx_word' id='word_1_179' title='bbox 855 2682 910 2745; x_wconf 91' lang='lat' dir='ltr'><strong>fiat</strong></span> <span class='ocrx_word' id='word_1_180' title='bbox 940 2683 1090 2748; x_wconf 90' lang='lat' dir='ltr'><strong>ardenter</strong></span> <span class='ocrx_word' id='word_1_181' title='bbox 1120 2696 1279 2768; x_wconf 88' lang='lat' dir='ltr'><strong>optamus.</strong></span> 
     </span>
     <span class='ocr_line' id='line_1_23' title="bbox 165 2785 1279 2874; baseline 0 -21"><span class='ocrx_word' id='word_1_182' title='bbox 165 2789 239 2871; x_wconf 81' lang='lat' dir='ltr'><strong>Quo</strong></span> <span class='ocrx_word' id='word_1_183' title='bbox 268 2790 371 2874; x_wconf 83' lang='lat' dir='ltr'><strong>magis</strong></span> <span class='ocrx_word' id='word_1_184' title='bbox 400 2797 507 2851; x_wconf 84' lang='lat' dir='ltr'><strong>autern</strong></span> <span class='ocrx_word' id='word_1_185' title='bbox 537 2785 754 2868; x_wconf 90' lang='lat' dir='ltr'><strong>deplorandus</strong></span> <span class='ocrx_word' id='word_1_186' title='bbox 784 2785 838 2848; x_wconf 92' lang='lat' dir='ltr'><strong>ille</strong></span> <span class='ocrx_word' id='word_1_187' title='bbox 870 2805 978 2848; x_wconf 91' lang='lat' dir='ltr'><strong>rerum</strong></span> <span class='ocrx_word' id='word_1_188' title='bbox 1007 2796 1120 2864; x_wconf 65' lang='lat' dir='ltr'><strong>statusx</strong></span> <span class='ocrx_word' id='word_1_189' title='bbox 1146 2799 1207 2871; x_wconf 89' lang='lat' dir='ltr'><strong>est,</strong></span> <span class='ocrx_word' id='word_1_190' title='bbox 1239 2808 1279 2853; x_wconf 90' lang='lat' dir='ltr'><strong>eo</strong></span> 
     </span>
     <span class='ocr_line' id='line_1_24' title="bbox 165 2875 1280 2974; baseline -0.004 -17"><span class='ocrx_word' id='word_1_191' title='bbox 165 2875 312 2957; x_wconf 37' lang='lat' dir='ltr'><strong>maioriss</strong></span> <span class='ocrx_word' id='word_1_192' title='bbox 326 2891 423 2956; x_wconf 88' lang='lat' dir='ltr'><strong>simul</strong></span> <span class='ocrx_word' id='word_1_193' title='bbox 445 2889 641 2954; x_wconf 86' lang='lat' dir='ltr'><strong>aestimanda</strong></span> <span class='ocrx_word' id='word_1_194' title='bbox 675 2888 870 2951; x_wconf 88' lang='lat' dir='ltr'><strong>videbuntur</strong></span> <span class='ocrx_word' id='word_1_195' title='bbox 897 2887 1077 2972; x_wconf 81' lang='lat' dir='ltr'><strong>fragmenta</strong></span> <span class='ocrx_word' id='word_1_196' title='bbox 1098 2889 1151 2952; x_wconf 89' lang='lat' dir='ltr'><strong>illa</strong></span> <span class='ocrx_word' id='word_1_197' title='bbox 1173 2911 1280 2974; x_wconf 84' lang='lat' dir='ltr'><strong>gram·</strong></span> 
     </span>
     <span class='ocr_line' id='line_1_25' title="bbox 164 2991 1279 3079; baseline 0 -21"><span class='ocrx_word' id='word_1_198' title='bbox 164 2996 293 3075; x_wconf 88' lang='lat' dir='ltr'><strong>matiea,</strong></span> <span class='ocrx_word' id='word_1_199' title='bbox 328 2994 444 3079; x_wconf 90' lang='lat' dir='ltr'><strong>quibus</strong></span> <span class='ocrx_word' id='word_1_200' title='bbox 468 2994 508 3056; x_wconf 92' lang='lat' dir='ltr'><strong>de</strong></span> <span class='ocrx_word' id='word_1_201' title='bbox 530 2993 633 3077; x_wconf 76' lang='lat' dir='ltr'><strong>signis</strong></span> <span class='ocrx_word' id='word_1_202' title='bbox 655 2991 866 3057; x_wconf 88' lang='lat' dir='ltr'><strong>Aristarchiis</strong></span> <span class='ocrx_word' id='word_1_203' title='bbox 889 2993 1070 3056; x_wconf 91' lang='lat' dir='ltr'><strong>summatim</strong></span> <span class='ocrx_word' id='word_1_204' title='bbox 1092 2995 1279 3075; x_wconf 87' lang='lat' dir='ltr'><strong>exponitur:</strong></span> 
     </span>
     <span class='ocr_line' id='line_1_26' title="bbox 167 3092 1281 3181; baseline 0.001 -22"><span class='ocrx_word' id='word_1_205' title='bbox 167 3117 303 3181; x_wconf 93' lang='lat' dir='ltr'><strong>quorum</strong></span> <span class='ocrx_word' id='word_1_206' title='bbox 337 3099 503 3161; x_wconf 88' lang='lat' dir='ltr'><strong>materiam</strong></span> <span class='ocrx_word' id='word_1_207' title='bbox 535 3115 633 3179; x_wconf 93' lang='lat' dir='ltr'><strong>quum</strong></span> <span class='ocrx_word' id='word_1_208' title='bbox 661 3092 874 3178; x_wconf 83' lang='lat' dir='ltr'><strong>Pluygersius</strong></span> <span class='ocrx_word' id='word_1_209' title='bbox 903 3112 944 3155; x_wconf 89' lang='lat' dir='ltr'><strong>ex</strong></span> <span class='ocrx_word' id='word_1_210' title='bbox 956 3114 1002 3158; x_wconf 76' lang='lat' dir='ltr'><strong>,re</strong></span> <span class='ocrx_word' id='word_1_211' title='bbox 1031 3115 1092 3158; x_wconf 89' lang='lat' dir='ltr'><strong>sua</strong></span> <span class='ocrx_word' id='word_1_212' title='bbox 1112 3114 1179 3158; x_wconf 92' lang='lat' dir='ltr'><strong>non</strong></span> <span class='ocrx_word' id='word_1_213' title='bbox 1199 3096 1281 3160; x_wconf 92' lang='lat' dir='ltr'><strong>iudi·</strong></span> 
     </span>
     <span class='ocr_line' id='line_1_27' title="bbox 167 3194 1282 3282; baseline 0.002 -20"><span class='ocrx_word' id='word_1_214' title='bbox 167 3201 247 3263; x_wconf 90' lang='lat' dir='ltr'><strong>carit</strong></span> <span class='ocrx_word' id='word_1_215' title='bbox 282 3220 356 3263; x_wconf 88' lang='lat' dir='ltr'><strong>curn</strong></span> <span class='ocrx_word' id='word_1_216' title='bbox 392 3202 556 3263; x_wconf 87' lang='lat' dir='ltr'><strong>notatione</strong></span> <span class='ocrx_word' id='word_1_217' title='bbox 589 3197 711 3262; x_wconf 91' lang='lat' dir='ltr'><strong>codicis</strong></span> <span class='ocrx_word' id='word_1_218' title='bbox 747 3194 828 3259; x_wconf 91' lang='lat' dir='ltr'><strong>Ven.</strong></span> <span class='ocrx_word' id='word_1_219' title='bbox 866 3196 1077 3282; x_wconf 89' lang='lat' dir='ltr'><strong>contendere,</strong></span> <span class='ocrx_word' id='word_1_220' title='bbox 1123 3198 1211 3282; x_wconf 93' lang='lat' dir='ltr'><strong>qnod</strong></span> <span class='ocrx_word' id='word_1_221' title='bbox 1252 3201 1282 3264; x_wconf 89' lang='lat' dir='ltr'><strong>si</strong></span> 
     </span>
     <span class='ocr_line' id='line_1_28' title="bbox 166 3299 1279 3386; baseline 0.001 -22"><span class='ocrx_word' id='word_1_222' title='bbox 166 3302 308 3384; x_wconf 84' lang='lat' dir='ltr'><strong>iecisset,</strong></span> <span class='ocrx_word' id='word_1_223' title='bbox 336 3304 432 3366; x_wconf 88' lang='lat' dir='ltr'><strong>etiam</strong></span> <span class='ocrx_word' id='word_1_224' title='bbox 460 3303 596 3366; x_wconf 89' lang='lat' dir='ltr'><strong>clariore</strong></span> <span class='ocrx_word' id='word_1_225' title='bbox 620 3301 655 3362; x_wconf 93' lang='lat' dir='ltr'><strong>in</strong></span> <span class='ocrx_word' id='word_1_226' title='bbox 675 3299 757 3382; x_wconf 90' lang='lat' dir='ltr'><strong>luce,</strong></span> <span class='ocrx_word' id='word_1_227' title='bbox 782 3320 843 3383; x_wconf 89' lang='lat' dir='ltr'><strong>qua</strong></span> <span class='ocrx_word' id='word_1_228' title='bbox 870 3308 919 3363; x_wconf 89' lang='lat' dir='ltr'><strong>est</strong></span> <span class='ocrx_word' id='word_1_229' title='bbox 941 3301 1059 3386; x_wconf 82' lang='lat' dir='ltr'><strong>ingenii</strong></span> <span class='ocrx_word' id='word_1_230' title='bbox 1078 3301 1279 3384; x_wconf 85' lang='lat' dir='ltr'><strong>dexteritate,</strong></span> 
     </span>
     <span class='ocr_line' id='line_1_29' title="bbox 167 3402 1279 3488; baseline -0.002 -20"><span class='ocrx_word' id='word_1_231' title='bbox 167 3414 269 3468; x_wconf 90' lang='lat' dir='ltr'><strong>totum</strong></span> <span class='ocrx_word' id='word_1_232' title='bbox 301 3404 408 3468; x_wconf 91' lang='lat' dir='ltr'><strong>locum</strong></span> <span class='ocrx_word' id='word_1_233' title='bbox 442 3407 608 3488; x_wconf 88' lang='lat' dir='ltr'><strong>positurus</strong></span> <span class='ocrx_word' id='word_1_234' title='bbox 639 3403 771 3483; x_wconf 87' lang='lat' dir='ltr'><strong>fuisset,</strong></span> <span class='ocrx_word' id='word_1_235' title='bbox 803 3421 951 3484; x_wconf 91' lang='lat' dir='ltr'><strong>campum</strong></span> <span class='ocrx_word' id='word_1_236' title='bbox 981 3402 1109 3487; x_wconf 90' lang='lat' dir='ltr'><strong>reliquit</strong></span> <span class='ocrx_word' id='word_1_237' title='bbox 1130 3423 1279 3486; x_wconf 82' lang='lat' dir='ltr'><strong>vacuum,</strong></span> 
     </span>
     <span class='ocr_line' id='line_1_30' title="bbox 168 3506 1281 3592; baseline -0.001 -23"><span class='ocrx_word' id='word_1_238' title='bbox 168 3526 233 3592; x_wconf 93' lang='lat' dir='ltr'><strong>quo</strong></span> <span class='ocrx_word' id='word_1_239' title='bbox 267 3507 446 3572; x_wconf 87' lang='lat' dir='ltr'><strong>excolendo</strong></span> <span class='ocrx_word' id='word_1_240' title='bbox 477 3507 690 3571; x_wconf 86' lang='lat' dir='ltr'><strong>cummaxime</strong></span> <span class='ocrx_word' id='word_1_241' title='bbox 712 3506 861 3588; x_wconf 90' lang='lat' dir='ltr'><strong>occupati</strong></span> <span class='ocrx_word' id='word_1_242' title='bbox 889 3525 948 3568; x_wconf 88' lang='lat' dir='ltr'><strong>nos</strong></span> <span class='ocrx_word' id='word_1_243' title='bbox 981 3507 1108 3570; x_wconf 89' lang='lat' dir='ltr'><strong>interim</strong></span> <span class='ocrx_word' id='word_1_244' title='bbox 1129 3525 1171 3569; x_wconf 89' lang='lat' dir='ltr'><strong>ex</strong></span> <span class='ocrx_word' id='word_1_245' title='bbox 1192 3516 1281 3568; x_wconf 93' lang='lat' dir='ltr'><strong>utro·</strong></span> 
     </span>
     <span class='ocr_line' id='line_1_31' title="bbox 168 3606 1281 3694; baseline -0.001 -22"><span class='ocrx_word' id='word_1_246' title='bbox 168 3630 232 3694; x_wconf 92' lang='lat' dir='ltr'><strong>que</strong></span> <span class='ocrx_word' id='word_1_247' title='bbox 249 3610 354 3693; x_wconf 89' lang='lat' dir='ltr'><strong>sonte,</strong></span> <span class='ocrx_word' id='word_1_248' title='bbox 391 3620 544 3694; x_wconf 88' lang='lat' dir='ltr'><strong>quantum</strong></span> <span class='ocrx_word' id='word_1_249' title='bbox 575 3629 634 3692; x_wconf 92' lang='lat' dir='ltr'><strong>per</strong></span> <span class='ocrx_word' id='word_1_250' title='bbox 666 3609 823 3692; x_wconf 88' lang='lat' dir='ltr'><strong>cuiusque</strong></span> <span class='ocrx_word' id='word_1_251' title='bbox 855 3618 1001 3671; x_wconf 89' lang='lat' dir='ltr'><strong>naturam</strong></span> <span class='ocrx_word' id='word_1_252' title='bbox 1034 3606 1170 3690; x_wconf 84' lang='lat' dir='ltr'><strong>licebat,</strong></span> <span class='ocrx_word' id='word_1_253' title='bbox 1203 3608 1281 3671; x_wconf 90' lang='lat' dir='ltr'><strong>hau-</strong></span> 
     </span>
     <span class='ocr_line' id='line_1_32' title="bbox 166 3706 1281 3795; baseline -0.001 -21"><span class='ocrx_word' id='word_1_254' title='bbox 166 3713 232 3774; x_wconf 89' lang='lat' dir='ltr'><strong>rire</strong></span> <span class='ocrx_word' id='word_1_255' title='bbox 263 3722 295 3775; x_wconf 90' lang='lat' dir='ltr'><strong>et</strong></span> <span class='ocrx_word' id='word_1_256' title='bbox 334 3711 558 3795; x_wconf 90' lang='lat' dir='ltr'><strong>componendo</strong></span> <span class='ocrx_word' id='word_1_257' title='bbox 594 3706 676 3795; x_wconf 87' lang='lat' dir='ltr'><strong>qn&#39;ac</strong></span> <span class='ocrx_word' id='word_1_258' title='bbox 709 3710 751 3773; x_wconf 91' lang='lat' dir='ltr'><strong>ad</strong></span> <span class='ocrx_word' id='word_1_259' title='bbox 782 3729 850 3771; x_wconf 91' lang='lat' dir='ltr'><strong>rem</strong></span> <span class='ocrx_word' id='word_1_260' title='bbox 881 3709 1079 3790; x_wconf 89' lang='lat' dir='ltr'><strong>pertinerent</strong></span> <span class='ocrx_word' id='word_1_261' title='bbox 1112 3729 1281 3793; x_wconf 83' lang='lat' dir='ltr'><strong>argumen-</strong></span> 
     </span>
     <span class='ocr_line' id='line_1_33' title="bbox 168 3811 1281 3899; baseline -0.002 -21"><span class='ocrx_word' id='word_1_262' title='bbox 168 3829 236 3878; x_wconf 91' lang='lat' dir='ltr'><strong>tum</strong></span> <span class='ocrx_word' id='word_1_263' title='bbox 259 3815 421 3899; x_wconf 88' lang='lat' dir='ltr'><strong>expliearc</strong></span> <span class='ocrx_word' id='word_1_264' title='bbox 444 3816 635 3880; x_wconf 91' lang='lat' dir='ltr'><strong>studuimus.</strong></span> <span class='ocrx_word' id='word_1_265' title='bbox 680 3812 711 3875; x_wconf 93' lang='lat' dir='ltr'><strong>A</strong></span> <span class='ocrx_word' id='word_1_266' title='bbox 727 3811 920 3897; x_wconf 81' lang='lat' dir='ltr'><strong>Pluygersio</strong></span> <span class='ocrx_word' id='word_1_267' title='bbox 943 3821 1134 3895; x_wconf 87' lang='lat' dir='ltr'><strong>anteaquam</strong></span> <span class='ocrx_word' id='word_1_268' title='bbox 1157 3811 1281 3876; x_wconf 90' lang='lat' dir='ltr'><strong>discedi</strong></span> 
     </span>
     <span class='ocr_line' id='line_1_34' title="bbox 168 3913 1283 4001; baseline -0.004 -20"><span class='ocrx_word' id='word_1_269' title='bbox 168 3939 259 4001; x_wconf 91' lang='lat' dir='ltr'><strong>mus,</strong></span> <span class='ocrx_word' id='word_1_270' title='bbox 281 3938 381 3982; x_wconf 90' lang='lat' dir='ltr'><strong>unum</strong></span> <span class='ocrx_word' id='word_1_271' title='bbox 403 3921 436 3982; x_wconf 94' lang='lat' dir='ltr'><strong>in</strong></span> <span class='ocrx_word' id='word_1_272' title='bbox 458 3928 661 3983; x_wconf 87' lang='lat' dir='ltr'><strong>antecessum</strong></span> <span class='ocrx_word' id='word_1_273' title='bbox 691 3915 866 3978; x_wconf 88' lang='lat' dir='ltr'><strong>admonere</strong></span> <span class='ocrx_word' id='word_1_274' title='bbox 892 3923 994 3977; x_wconf 87' lang='lat' dir='ltr'><strong>restat</strong></span> <span class='ocrx_word' id='word_1_275' title='bbox 1023 3915 1174 4000; x_wconf 87' lang='lat' dir='ltr'><strong>momenti</strong></span> <span class='ocrx_word' id='word_1_276' title='bbox 1195 3913 1283 3979; x_wconf 93' lang='lat' dir='ltr'><strong>haud</strong></span> 
     </span>
     <span class='ocr_line' id='line_1_35' title="bbox 168 4016 1283 4104; baseline -0.005 -20"><span class='ocrx_word' id='word_1_277' title='bbox 168 4021 268 4103; x_wconf 78' lang='lat' dir='ltr'><strong>leviS,</strong></span> <span class='ocrx_word' id='word_1_278' title='bbox 304 4021 391 4104; x_wconf 95' lang='lat' dir='ltr'><strong>quod</strong></span> <span class='ocrx_word' id='word_1_279' title='bbox 421 4042 463 4086; x_wconf 90' lang='lat' dir='ltr'><strong>cx</strong></span> <span class='ocrx_word' id='word_1_280' title='bbox 495 4042 594 4104; x_wconf 84' lang='lat' dir='ltr'><strong>supra</strong></span> <span class='ocrx_word' id='word_1_281' title='bbox 623 4019 716 4083; x_wconf 90' lang='lat' dir='ltr'><strong>dictis</strong></span> <span class='ocrx_word' id='word_1_282' title='bbox 746 4038 859 4103; x_wconf 87' lang='lat' dir='ltr'><strong>magna</strong></span> <span class='ocrx_word' id='word_1_283' title='bbox 892 4037 965 4080; x_wconf 86' lang='lat' dir='ltr'><strong>curn</strong></span> <span class='ocrx_word' id='word_1_284' title='bbox 986 4017 1171 4099; x_wconf 89' lang='lat' dir='ltr'><strong>prohilitate</strong></span> <span class='ocrx_word' id='word_1_285' title='bbox 1193 4016 1283 4081; x_wconf 89' lang='lat' dir='ltr'><strong>colli·</strong></span> 
     </span>
     <span class='ocr_line' id='line_1_36' title="bbox 168 4119 1282 4208; baseline -0.004 -24"><span class='ocrx_word' id='word_1_286' title='bbox 168 4124 271 4207; x_wconf 85' lang='lat' dir='ltr'><strong>gitur:</strong></span> <span class='ocrx_word' id='word_1_287' title='bbox 305 4127 432 4190; x_wconf 88' lang='lat' dir='ltr'><strong>tametsi</strong></span> <span class='ocrx_word' id='word_1_288' title='bbox 453 4143 513 4208; x_wconf 92' lang='lat' dir='ltr'><strong>pro</strong></span> <span class='ocrx_word' id='word_1_289' title='bbox 536 4123 635 4187; x_wconf 87' lang='lat' dir='ltr'><strong>fundo</strong></span> <span class='ocrx_word' id='word_1_290' title='bbox 659 4122 787 4206; x_wconf 93' lang='lat' dir='ltr'><strong>quidem</strong></span> <span class='ocrx_word' id='word_1_291' title='bbox 810 4139 920 4184; x_wconf 90' lang='lat' dir='ltr'><strong>eornm</strong></span> <span class='ocrx_word' id='word_1_292' title='bbox 943 4121 1120 4205; x_wconf 82' lang='lat' dir='ltr'><strong>signorum,</strong></span> <span class='ocrx_word' id='word_1_293' title='bbox 1144 4119 1282 4203; x_wconf 90' lang='lat' dir='ltr'><strong>quaein</strong></span> 
     </span>
     <span class='ocr_line' id='line_1_37' title="bbox 169 4220 1282 4292; baseline -0.004 -4"><span class='ocrx_word' id='word_1_294' title='bbox 169 4223 283 4290; x_wconf 86' lang='lat' dir='ltr'><strong>codiee</strong></span> <span class='ocrx_word' id='word_1_295' title='bbox 314 4223 395 4291; x_wconf 90' lang='lat' dir='ltr'><strong>Ven.</strong></span> <span class='ocrx_word' id='word_1_296' title='bbox 428 4228 499 4292; x_wconf 88' lang='lat' dir='ltr'><strong>sive</strong></span> <span class='ocrx_word' id='word_1_297' title='bbox 529 4225 570 4290; x_wconf 95' lang='lat' dir='ltr'><strong>ad</strong></span> <span class='ocrx_word' id='word_1_298' title='bbox 602 4233 786 4288; x_wconf 88' lang='lat' dir='ltr'><strong>contextum</strong></span> <span class='ocrx_word' id='word_1_299' title='bbox 813 4224 883 4288; x_wconf 89' lang='lat' dir='ltr'><strong>sive</strong></span> <span class='ocrx_word' id='word_1_300' title='bbox 903 4224 936 4286; x_wconf 95' lang='lat' dir='ltr'><strong>in</strong></span> <span class='ocrx_word' id='word_1_301' title='bbox 962 4221 1102 4287; x_wconf 83' lang='lat' dir='ltr'><strong>Scholiis</strong></span> <span class='ocrx_word' id='word_1_302' title='bbox 1130 4220 1282 4285; x_wconf 88' lang='lat' dir='ltr'><strong>adnotata</strong></span> 
     </span>
    </p>
   </div>
   <div class='ocr_carea' id='block_1_3' title="bbox 0 0 1462 4822">
    <p class='ocr_par' dir='ltr' id='par_1_4' title="bbox 0 0 1462 4822">
     <span class='ocr_line' id='line_1_38' title="bbox 0 0 1462 4822; baseline 0 0"><span class='ocrx_word' id='word_1_303' title='bbox 0 0 1462 4822; x_wconf 95' lang='lat' dir='ltr'><strong> </strong></span> 
     </span>
    </p>
   </div>
  </div>
 </body>
</html>
