2902 4822
687 409 761 488 ihi

174 623 215 666 eo
237 603 341 667 mirrus
364 602 523 667 mirabere
551 604 715 686 propriam
744 600 924 667 Aristarchi
948 603 1145 666 notationem
1173 601 1283 686 ampli·

174 707 302 787 ficasse‚
335 705 388 768 vei
410 724 514 769 novas
548 706 650 790 signis
682 705 891 770 Aristarchiis
924 713 1104 787 potestates
1126 704 1181 770 vel
1202 705 1284 771 adeo

174 830 259 874 nova
280 811 374 894 signa
396 807 561 891 addendo,
596 827 661 891 quo
684 809 804 872 certius
827 817 957 873 constat
977 807 1159 874 Aristarchi
1179 809 1286 894 signa·

173 916 293 977 tionem
316 914 412 977 etiam
434 910 476 974 ad
498 910 634 975 ahorum
657 913 851 995 scriptorum
874 931 975 995 opera
993 910 1133 976 notanda
1149 911 1287 977 transis·

173 1027 249 1097 tam,
283 1015 463 1098 horumque
496 1015 748 1097 proprietatibus
781 1015 1058 1079 accommodatam
1090 1035 1186 1098 asse,
1220 1035 1286 1100 quo

174 1119 244 1182 fiori
272 1137 336 1181 non
366 1120 470 1201 potuit
501 1118 578 1200 quin
607 1118 765 1201 primitiva
794 1118 925 1182 notandi
952 1118 1035 1182 ratio
1066 1119 1158 1182 vario
1187 1117 1286 1184 modo

174 1232 298 1286 mature
328 1232 521 1285 mutaretur:
558 1221 645 1305 qnod
676 1221 823 1303 inprimis
855 1241 936 1286 usus
971 1221 1208 1304 Romanorum,
1242 1219 1286 1285 ds

172 1344 238 1408 quo
261 1323 353 1406 infra,
377 1323 528 1405 ostendit,
552 1342 636 1406 quos
654 1323 717 1386 iam
739 1332 813 1386 ante
827 1321 1048 1388 Aristonicum
1066 1324 1152 1388 notis
1163 1323 1285 1389 criticis

173 1447 214 1490 ex
236 1426 529 1492 Alexandrinorum
551 1425 665 1490 schola
687 1427 897 1508 transumptis
927 1444 1008 1491 usos
1029 1447 1106 1492 esse
1128 1445 1286 1510 suamquc
1315 1436 1325 1442 '

173 1532 206 1594 in
227 1550 297 1593 rem
325 1531 528 1594 convertisse
561 1538 700 1595 constat.
743 1526 848 1592 Unum
870 1527 978 1612 dolui,
1011 1549 1077 1593 non
1106 1529 1285 1614 contigisse

173 1633 259 1714 mihi,
294 1642 329 1696 ut
357 1652 456 1698 unum
490 1632 693 1717 alterumque
722 1633 981 1716 grammaticum,
1017 1635 1072 1717 qui
1103 1633 1286 1716 posteriore

173 1745 278 1800 aetate
298 1736 429 1800 notandi
451 1736 583 1801 Homeri
614 1754 734 1818 operae
757 1744 925 1818 vacasset,
958 1737 1087 1802 nomine
1117 1735 1285 1801 afferrem:

170 1840 265 1903 cuius
286 1839 334 1902 rei
356 1859 473 1905 caussa
494 1839 568 1903 inde
590 1837 765 1921 repetenda
776 1837 915 1921 videtur,
939 1840 1025 1923 quod
1041 1839 1161 1904 inistis
1179 1858 1287 1924 gram·

172 1942 298 2006 maticis
336 1941 443 2007 nullus
477 1942 617 2022 exstitit,
655 1942 710 2025 qui
750 1943 784 2005 in
818 1942 1050 2025 percensendis
1090 1941 1285 2009 carminibus

170 2043 352 2111 Homericis
375 2047 493 2130 ingenii
515 2043 568 2109 vel
589 2043 698 2110 iudicii
720 2045 816 2111 laude
839 2045 1057 2112 excelluisset.

675 2210 704 2278 s.
733 2200 787 2270 41.

285 2327 338 2383 De
371 2326 475 2400 dipls
507 2344 599 2400 pura
633 2325 853 2385 criticorum
886 2324 1184 2401 Homericorum*

466 2430 695 2514 Aristarcho
717 2429 982 2502 posteriorum

256 2563 339 2630 Cum
373 2565 554 2630 Aristarchi
588 2585 651 2629 usu
684 2562 791 2648 diplas
825 2582 927 2647 purae
959 2584 1096 2649 prorsus
1129 2568 1282 2633 convenit

167 2669 385 2753 posteriorum
408 2668 621 2750 consuetudo,
646 2688 716 2751 cap.
739 2667 762 2731 1.
785 2667 959 2751 descripta,
988 2670 1051 2734 nisi
1081 2669 1169 2754 quod
1198 2692 1282 2756 quae

167 2773 366 2839 contractius
399 2792 468 2855 cap.
499 2769 537 2835 11.
569 2770 759 2854 indicantur,
795 2771 847 2834 hio
880 2770 1016 2857 singulis
1046 2775 1116 2838 eius
1146 2775 1280 2841 rationis

167 2876 312 2962 partibus
343 2875 524 2941 accuratius
555 2885 771 2958 exponuntur,
807 2884 839 2938 et
859 2874 910 2938 his
940 2875 1035 2939 etiam
1065 2876 1225 2959 prolixius
1246 2877 1280 2942 in

167 2979 292 3044 Anecd.
316 2975 452 3043 Veneto.
497 2976 621 3042 Horum
654 2978 839 3042 criticorum
862 2977 902 3041 de
925 2996 989 3041 usu
1018 2998 1117 3061 quum
1149 2980 1214 3043 iam
1236 2999 1278 3045 ex

167 3093 196 3161 s.
212 3084 257 3148 34
278 3091 416 3165 constet,
440 3091 540 3145 restat
562 3092 597 3145 ut
620 3080 660 3145 de
682 3101 747 3146 uua
762 3080 868 3165 diplae
889 3082 1026 3164 ratione,
1051 3103 1135 3167 quae
1145 3102 1189 3148 ex
1205 3084 1277 3152 solo

166 3184 442 3256 AnecdotoRom.
463 3185 673 3268 cognoscitur
692 3204 840 3269 quaeque
852 3184 917 3248 illic
929 3185 1059 3250 tractari
1075 3206 1139 3250 non
1161 3189 1277 3274 potuit,

167 3290 302 3356 dicatur.
346 3289 396 3352 De
427 3287 513 3371 dipla
544 3290 642 3373 igitur
670 3308 752 3372 pura
781 3307 819 3352 c.¹
841 3285 863 3349 1.
898 3287 1053 3371 legimus:
1087 3290 1277 3376 comperiisset

166 3391 243 3478 πρὸς
271 3390 340 3465 τοὺς
372 3386 625 3475 γλωσσογράφοος
653 3389 673 3475 ἢ
705 3389 897 3477 ἐτεροδόξοος
929 3389 1140 3477 ἐκδεξαμένους
1166 3391 1204 3461 τὰ
1223 3402 1276 3462 τοῦ

165 3502 288 3580 ποιητοῦ
320 3491 369 3559 καὶ
392 3492 466 3578 [ὡς]
502 3495 542 3579 μὴ
579 3501 690 3568 κακῶς.
733 3496 769 3560 ln
798 3495 916 3580 quihus
946 3494 1046 3560 multa
1072 3507 1158 3579 sunt,
1192 3516 1276 3582 quas

165 3601 320 3665 lectorem
342 3599 477 3664 haerere
499 3600 613 3663 sinaut.
658 3597 870 3682 Perspicuum
893 3598 1021 3682 quidem
1043 3608 1105 3679 est,
1132 3599 1276 3685 criticos,
1362 3640 1366 3650 ‹

166 3723 302 3788 quorum
327 3701 451 3785 placitis
474 3700 622 3765 notandis
646 3700 732 3784 dipla
754 3702 902 3785 apposita
924 3709 1023 3782 esset,
1047 3699 1111 3766 dici
1127 3720 1196 3787 eos,
1219 3706 1277 3790 qui

164 3805 311 3891 singulos
344 3804 437 3869 locos
470 3805 663 3869 Homericos
697 3824 762 3868 nou
795 3814 884 3869 recte
917 3801 1173 3870 intellexissent:
1215 3807 1276 3889 sed

164 3903 394 3991 γλωσσογράφοι
415 3909 469 3971 isti
491 3920 524 3971 ct
546 3904 714 3991 ἑτερόδοξοι
736 3909 791 3991 qui
813 3908 970 3988 dicantur,
995 3908 1180 3974 obscurum.
1209 3907 1275 3977 “De
1375 3974 1377 3997 1

163 4010 372 4076 heterodoxis
394 4019 430 4074 ut
451 4011 588 4094 primum
611 4010 766 4094 dicamus,
797 4029 895 4094 quum
916 4011 1053 4076 istorum
1074 4032 1193 4078 nomon
1214 4033 1281 4080 nos

163 4130 322 4198 quaerere
345 4111 385 4176 ds
408 4114 447 4178 iis
470 4114 590 4196 iubeat,
614 4133 633 4178 a
656 4114 773 4198 quihus
790 4115 1016 4200 dissenserint,
1035 4117 1091 4181 vix
1110 4116 1164 4183 alii
1183 4116 1278 4182 intel·

163 4216 220 4308 ligi
241 4227 395 4304 poterunt
417 4235 514 4304 quam
535 4217 592 4305 qui
612 4218 787 4305 praecipua
809 4219 1008 4287 auctoritatis
1035 4217 1131 4288 laude
1161 4220 1195 4287 in
1214 4219 1280 4289 hoc
