2902 4822
699 445 749 520 53

165 638 226 701 bus
250 646 347 701 notae
369 639 451 702 istae
472 639 582 722 utique
604 636 775 702 afuissent:
799 655 921 720 easque
942 637 1077 722 insuper
1099 637 1278 702 ostendens

165 737 347 830 Haemonis
381 734 559 824 cuiusdam,
595 740 636 803 de
668 759 733 824 quo
764 757 841 802 mox
872 738 1006 819 dicetur,
1041 740 1280 824 interpolationi

164 842 288 908 deberi.
321 841 470 927 Denique
491 846 613 908 exstitit
635 841 824 908 Heraclides
846 839 1049 926 Tarentinus,
1073 845 1127 930 qui
1142 842 1280 908 eundem

163 945 285 1028 locum,
308 947 498 1028 praesertim
520 949 645 1011 ratione
674 955 938 1032 argumentorum
967 965 985 1009 a
1007 945 1140 1012 Zenone
1162 965 1281 1031 propo-

165 1049 300 1113 sitorum
324 1048 443 1130 habita,
466 1060 684 1133 pertractasse
707 1050 832 1113 dicitur.
856 1050 884 1129 ²)
916 1046 1006 1112 Haec
1030 1052 1135 1114 enruia
1157 1048 1281 1114 Galeuo

165 1158 301 1234 accepta
323 1153 503 1235 referimus,
535 1156 590 1238 qui
613 1165 717 1217 totam·
740 1152 824 1217 hanc
847 1171 916 1215 rem
938 1172 1140 1238 caussaeque
1162 1162 1281 1216 statum

164 1249 292 1333 prolixe
312 1255 463 1337 exposuit
483 1255 624 1341 quidque
651 1251 776 1320 veritati
794 1265 1046 1320 consentaneum
1065 1266 1153 1320 esset
1173 1267 1282 1320 osten·

165 1356 222 1438 dit,
246 1366 404 1439 sequutus
428 1379 466 1422 ca
488 1379 571 1444 quae
593 1379 632 1424 ea
655 1360 696 1422 de
718 1378 754 1421 re
770 1356 890 1423 Zeuxis
903 1357 1097 1423 Tarentinus
1112 1358 1281 1423 Commen-

164 1458 321 1521 tariorum
354 1461 385 1522 in
419 1461 625 1545 Hippocratis
657 1461 802 1545 Epidem.
830 1461 913 1526 libro
932 1463 1051 1547 primo
1085 1473 1280 1543 enarrasset,

164 1563 326 1644 interpres
355 1566 551 1648 scriptorum
584 1563 887 1649 Hippocraticorum
921 1567 1018 1629 etiam
1051 1564 1127 1629 alibi
1156 1563 1280 1629 Galeno

164 1666 294 1746 citatus,
318 1666 413 1731 huius
436 1678 543 1733 tamen
565 1679 681 1750 aetate,
697 1679 739 1733 ‘ut
757 1669 802 1732 ait
822 1668 908 1731 idern
926 1689 957 1752 p.
970 1668 1044 1751 605,
1068 1689 1171 1754 paene
1183 1660 1282 1733 obso-

164 1767 261 1861 letus.
277 1770 305 1844 ⁸)
339 1768 541 1836 Convenisse
563 1773 625 1835 iam
648 1772 747 1836 refert
770 1770 911 1835 Galenus
934 1773 1129 1854 interpretes
1158 1782 1281 1835 tantum

165 1890 230 1932 non
252 1889 365 1934 omnes
381 1874 414 1935 in
431 1875 616 1957 repetendis
635 1877 708 1939 istis
723 1874 965 1938 characteribus
979 1895 995 1938 a
1009 1874 1182 1940 Mnemone
1201 1893 1281 1960 quo-

165 1973 250 2052 dam,
275 1975 330 2058 qui
360 1994 419 2039 eos
442 1977 591 2061 exemplo
613 1976 821 2061 Hippocratis
849 1997 889 2040 ex
918 1977 1111 2044 bibliotheca
1142 1978 1281 2042 Alexan·

165 2077 257 2139 drina
281 2081 632 2164 sumptotemporibus
655 2079 832 2143 Ptolemaei
854 2078 1037 2166 Euergetas
1053 2082 1280 2165 apposuisset:

164 2181 252 2243 hunc
273 2179 478 2246 Mnemonem
501 2205 599 2268 quum
618 2182 761 2248 Galenus
773 2182 952 2247 Zeuxidem
974 2194 1132 2269 sequutus
1151 2185 1280 2248 natione

164 2281 301 2348 Siditam
327 2286 479 2369 appellat,
512 2287 649 2350 eundem
671 2287 896 2350 intellexerunt
927 2287 1068 2351 Zenonis
1091 2288 1280 2368 adversarii,

164 2387 231 2469 qui,
255 2384 379 2452 Galeno
402 2402 552 2454 narrante
574 2411 606 2471 p.
630 2391 705 2471 603,
728 2390 916 2473 Pamphilus
940 2391 1169 2472 nominaretur,
1192 2392 1280 2473 ipso-

162 2508 236 2550 rum
249 2508 313 2553 non
329 2491 434 2575 culpa,
458 2493 517 2557 sed
529 2493 733 2556 librariorum
754 2503 911 2575 veterum,
926 2491 967 2556 ad
985 2512 1124 2576 quarm
1143 2493 1281 2576 seriptu-

162 2611 235 2654 ram
258 2612 343 2657 nunc
365 2596 530 2681 vulgatur:
554 2595 772 2679 βιβλίον-ἔχον
802 2592 910 2669 αὐτοὺς
935 2592 1197 2680 διεσκευασμένους
1221 2593 1279 2660 ὑπό

159 2714 240 2767 τινος
259 2691 361 2782 ἰατροῦ
390 2699 557 2783 Παμφίλου,
579 2697 612 2765 τὸ
643 2695 726 2782 γένος
757 2696 792 2764 ἐκ
813 2695 934 2773 πόλεως
952 2691 1088 2784 Ἰνδικῆς,
1123 2701 1280 2782 Κλοοφαν-

215 2927 246 2991 2)
264 2924 365 2983 Nullus
391 2928 498 3000 estqui
523 2931 596 3002 apud
614 2929 749 2984 Galerium
773 2931 793 2988 l.
812 2930 832 2985 l.
849 2947 876 3002 p.
894 2932 954 2985 608.
989 2929 1136 2985 Heraclius
1155 2929 1280 2983 Tarenti·

266 3029 319 3069 nus
342 3016 504 3087 appellatur.
544 3016 701 3087 legendum
722 3016 880 3091 ’Ἡρακλείδου
908 3035 958 3090 pro
981 3017 1132 3092 Ἡρακλείου.
1181 3015 1278 3086 Neque

265 3099 321 3154 alio
338 3103 447 3155 nomine
466 3101 589 3157 Galenus
606 3104 676 3157 inira
695 3121 720 3174 p.
739 3107 791 3156 619
816 3105 942 3159 advocat.
979 3104 1021 3159 De
1047 3104 1100 3158 hoc
1124 3101 1280 3165 Heraclida,

266 3185 314 3256 qui
331 3202 347 3239 a
366 3195 431 3242 natu
443 3190 547 3242 maiore
557 3187 707 3261 Erythraeo
719 3188 926 3259 distinguendus
941 3198 992 3257 est,
1009 3208 1036 3244 v.
1048 3187 1128 3243 nobis
1142 3187 1280 3258 disputata

268 3270 343 3328 Diss.
363 3274 478 3328 deloco
497 3272 559 3330 Rufi
577 3275 691 3347 Ephesii
715 3275 789 3346 apud
807 3274 966 3331 Oribasium
991 3280 1103 3332 servato
1120 3289 1146 3343 p.
1164 3275 1190 3328 c.
1228 3271 1279 3325 Ce-

255 3369 354 3412 -terum
373 3360 448 3430 quod
466 3359 589 3416 Galenus
607 3363 702 3433 priore
728 3361 791 3415 loco
816 3363 890 3417 iuxta
917 3361 1095 3415 Tarentinum
1113 3360 1195 3412 etiam
1209 3356 1280 3427 Ery-

265 3442 390 3501 thtaeum
415 3444 590 3501 Heraclidam
618 3446 719 3510 laudat,
750 3448 797 3517 qui
822 3448 856 3501 de
881 3448 968 3516 siguis
992 3448 1051 3500 illis
1075 3441 1280 3514 Hippocraticis

267 3527 371 3599 aliquid
389 3532 537 3585 memoriae
555 3531 716 3603 prodiderit,
744 3531 773 3585 id
791 3532 991 3602 aliquantillum
1014 3536 1090 3585 certe
1109 3527 1144 3581 ad
1163 3534 1280 3599 aetatem

266 3616 341 3681 eius,
372 3614 406 3669 de
438 3633 490 3687 qua
515 3616 583 3671 nihil
608 3620 755 3673 etiamnum
790 3617 903 3670 allatum
929 3616 1026 3680 video,
1060 3612 1279 3667 constituendam

265 3699 406 3773 profuerit.

211 3803 243 3873 8)
262 3801 303 3858 cf.
323 3802 479 3874 Sprengelii
499 3805 600 3863 Gesch.
621 3810 647 3866 d.
663 3808 784 3863 Medicin
801 3805 833 3866 Τ.
847 3806 867 3863 Ι.
886 3822 913 3877 p.
926 3807 996 3858 too:
1015 3805 1062 3876 qui
1079 3803 1151 3858 unde
1170 3802 1278 3869 haheat,

264 3887 409 3944 Strabonis
427 3893 570 3964 aequalem
588 3893 675 3951 luisse
693 3895 859 3958 Zeuxidem,
887 3908 930 3945 me
948 3889 1025 3959 fugit.
1060 3889 1204 3953 Galenum,
1229 3891 1277 3961 qui

260 3977 330 4030 eum
357 3977 556 4049 antiquioribus
581 3980 758 4054 Hippocratis
786 3973 983 4047 interpretibus
1005 3982 1137 4030 accenset
1154 3974 1185 4028 Τ.
1201 3974 1276 4032 XVl.

265 4079 292 4132 p.
309 4066 325 4138 l
345 4070 374 4117 ct
394 4065 443 4115 196
462 4063 522 4128 (ubi
540 4079 602 4118 cum
620 4062 770 4117 Heraclida
787 4063 935 4117 Tarentino
953 4067 981 4115 et
999 4059 1116 4115 Glaucia
1135 4061 1277 4132 componi-

265 4148 323 4215 tur)
341 4145 373 4204 Τ.
391 4147 491 4215 xvnr,
509 4154 536 4204 2.
555 4167 582 4221 p,
600 4152 661 4212 631,
680 4149 705 4202 si
723 4147 859 4213 audimus,
878 4153 969 4201 aetate
987 4147 1072 4201 multo
1092 4148 1178 4200 maior
1196 4145 1278 4198 debet

267 4239 365 4305 putari.
