2902 4822
681 429 756 509 188

162 624 344 707 afferendus
366 634 459 689 vetus
479 625 742 708 commentarius,
770 622 975 709 ύπομνήματος
999 625 1128 693 nomine
1150 626 1272 713 simpli·

163 729 243 792 citer
261 726 452 810 εμρεΙΙοιυε,
479 746 543 812 quo
570 737 730 812 tamquam
756 727 844 791 fonte
864 727 906 791 ad
924 729 1132 813 explicandas
1155 741 1273 817 μοειιιο

164 833 288 899 fabulas
300 832 501 897 Scholiastae
514 835 563 898 usi
577 846 661 898 sunt.
676 833 795 898 ΕΙοοιι.
813 834 894 897 445;
917 830 1049 922 ἀλιπαρῆ
1061 834 1165 923 τρίχα]
1184 858 1273 922 περι-

163 941 272 1012 Ιπαδυῖς
289 935 340 1021 μέν
355 935 455 1022 τὸτῆς
469 937 584 1012 πενίας·
605 936 639 1003 τὸ
660 936 694 1002 δὲ
713 933 842 1024 ἀλιπαρῆ
861 935 923 1005 ἀντὶ
940 947 992 1007 τοῦ
1009 937 1171 1026 αύχμηρά·
1191 938 1274 1007 M

163 1052 208 1131 τῳ
221 1043 410 1129 ὑπομνήματι,
423 1046 543 1128 λιπαρῆ,
559 1041 577 1108 ύ
589 1043 664 1108 ἐστιν
678 1041 709 1117 ἐξ
721 1040 758 1128 ής
770 1043 858 1109 αὐτὸν
874 1045 1083 1130 λιπαρήσομεν,
1102 1044 1148 1120 ὡς
1166 1041 1275 1113 αἰέλο-

165 1171 212 1231 γεν
223 1144 308 1213 ἱκέτιν
325 1148 421 1232 τρίχα.
444 1147 531 1211 Idem
547 1170 595 1213 vs.
607 1149 689 1212 482:
713 1146 879 1232 πολύπους]
894 1148 913 1234 ή
928 1148 1069 1232 Ἐριννύς,
1080 1148 1100 1234 ή
1112 1147 1275 1236 έκείνιρπιγῖ

167 1249 249 1336 φύνῳ
264 1247 517 1334 ἀκολουθήσασα·
538 1249 632 1325 ούτως
644 1249 673 1316 έν
693 1254 736 1337 τῳ
751 1251 939 1336 ύπομνήματι.
953 1252 1059 1317 ‚Aliud
1074 1253 1117 1319 ad
1135 1252 1276 1319 eunden

166 1355 273 1418 locum
297 1352 466 1418 Scholion:
498 1353 664 1440 πολύπους]
689 1353 717 1421 έν
742 1355 892 1442 ὑπερβολή
914 1365 1000 1423 τοῦτο
1022 1357 1152 1440 έδηκιν·
1187 1354 1276 1423 ivn

167 1464 211 1543 τῳ
233 1455 413 1540 ὑπομνήματι
435 1466 526 1522 κεῖται
548 1438 708 1534 πολύπαις·
733 1457 797 1524 ἐπεὶ
818 1457 890 1544 γὰρ,
914 1461 1013 1544 φησίν,
1037 1457 1065 1524 έν
1089 1455 1275 1547 τῳὌρέστη

166 1560 217 1644 τήν
240 1567 336 1624 πᾶσαν
358 1558 465 1625 ἐλπίδα
494 1562 609 1645 έχουσι,
637 1562 671 1627 τὸ
695 1562 839 1638 πολύπαις
869 1561 897 1627 ἐν
930 1564 1080 1648 ὑπερβολή
1101 1563 1223 1644 έθηκεν,
1255 1561 1275 1647 ἡ

168 1660 265 1726 πολλὰ
288 1659 367 1726 κακὰ
387 1665 532 1730 τίκτουσα.
578 1668 685 1753 Αυιίγγ.
708 1669 789 1731 521:
812 1667 891 1732 οὔτοι
912 1663 1074 1749 συνέχθειν,
1098 1662 1177 1731 ἀλλὰ
1198 1690 1275 1751 συμ-

170 1763 275 1850 φιλεῖν]
302 1764 355 1839 τάς
378 1769 485 1850 φιλίας,
509 1772 607 1853 φησίν,
630 1768 729 1844 κοινὰς
750 1779 897 1854 ποιοῦμαι,
920 1764 984 1834 ἀλλ’
1012 1765 1048 1834 ού
1069 1765 1129 1844 τάς·
1145 1770 1276 1853 ἔχθρας·

170 1866 199 1932 έν
223 1864 257 1931 δέ
277 1892 346 1933 τισιν
370 1869 483 1945 οὕτως·
505 1871 529 1937 εἰ
553 1873 602 1939 καὶ
624 1872 811 1959 ἐχύαίρουσιν
834 1870 982 1956 ἀλλήλους
1008 1870 1197 1956 οίάδιλφοί,
1217 1868 1277 1955 ἀγύι

171 1970 204 2038 ού
227 1972 344 2056 τοιαύτη
368 1971 425 2058 εἰμὶ
445 1976 495 2060 τήν
518 1977 614 2061 φύσιν,
637 1976 715 2043 ὥστε
744 1978 794 2043 σύν
816 1984 861 2063 τῳ
884 1973 978 2062 ἑτέρῳ
1008 1972 1105 2041 αύτιύν
1127 1973 1277 2061 έχδαίραν

170 2076 217 2141 τὸν
249 2077 365 2160 ἕτερον,
400 2076 477 2145 ἀλλὰ
506 2085 655 2166 συμφιλεῖν
680 2091 740 2156 τοῖς
772 2083 904 2164 φιλοῦσι,
936 2080 988 2145 ubi
1018 2101 1078 2162 γνιο
1100 2079 1131 2146 ἀν
1153 2076 1195 2145 δέ’
1209 2102 1279 2147 παν

172 2179 256 2245 Flor.
286 2181 412 2263 planius
444 2182 473 2249 ἐν
505 2183 539 2249 δὲ
566 2192 610 2270 τῳ
642 2184 830 2268 ὑπομνήματι.
876 2185 960 2248 idem
992 2205 1055 2249 non
1084 2194 1199 2268 potest·
1215 2202 1281 2249 non

171 2285 343 2370 significari
375 2291 633 2371 commentarius,
658 2289 711 2353 ubi
735 2297 792 2352 τῶν
822 2284 1137 2372 ύπομνηματισαμένων
1160 2288 1281 2355 mentio

172 2390 214 2454 fit.
248 2390 422 2480 0⁰⁴¹·.C⁰¹·
445 2395 526 2458 381:
550 2395 658 2459 ποίοισι
678 2390 804 2476 τούτοις]
829 2391 857 2456 οἱ
880 2386 1182 2476 ύπομνημοιτισάμενοι
1202 2384 1280 2474 γράι·

173 2517 273 2577 φυυσιν
296 2494 405 2570 ούτιυς·
429 2495 567 2580 χρησμὸς
588 2505 716 2569 τοιοῦτος
739 2493 862 2578 γέγονεν,
887 2491 1023 2581 ὁποτέρῳ
1046 2493 1080 2559 ἀν
1103 2489 1283 2565 &onim

173 2599 387 2682 προσδήσήται,
420 2607 518 2665 τοῦτον
541 2610 655 2685 κρατεῖν
682 2597 733 2665 καὶ
762 2594 858 2682 χωρὶς
888 2595 967 2683 [καὶ]
999 2595 1075 2663 κατὰ
1103 2595 1201 2663 κοινὸν
1220 2602 1283 2671 τοῖς

175 2702 326 2784 Θηβαίοις,
349 2700 393 2768 ύτι
414 2705 496 2769 ἔσται
518 2701 616 2777 αὐτοῖς
639 2700 774 2788 μεγάλων
797 2710 899 2765 κακῶν
921 2701 1021 2783 αἴτιος,
1044 2699 1095 2771 έάν
1112 2700 1153 2785 μή
1166 2697 1283 2786 θάψιν-

175 2829 216 2870 σιν
240 2803 326 2870 αύτὸν
352 2805 399 2872 ἐπὶ
420 2816 473 2893 τής
495 2805 607 2893 χώρας.
648 2802 834 2889 Ἐβουλόμην
857 2803 890 2868 δὲ
912 2802 1018 2879 αύτούς
1037 2802 1284 2890 μαρτυρίφχμή·

176 2909 325 2996 σασθαιή
357 2907 531 2995 συγγαφέως
560 2910 579 2995 ἢ
614 2919 745 2995 ποιητοιῖ.
790 2908 834 2972 lta
869 2908 955 2972 Flor.
987 2907 1093 2995 Vulgo
1125 2907 1284 2995 μαρτυρίᾳ,

176 3028 241 3079 lum
275 3017 351 3091 τινὸς
384 3018 493 3081 addito
527 3030 603 3101 post
636 3009 839 3098 συγγραφέως.
883 3011 965 3076 Τυω
985 3012 1085 3093 Ιἰιίτυι
1119 3032 1168 3076 νε.
1201 3011 1285 3077 383ι

177 3117 291 3192 εύνοίας
308 3117 406 3205 χάριν]
431 3119 459 3186 ἐν
478 3131 539 3196 τοῖς
557 3115 792 3203 ἀναγκαιοτέροις
809 3124 868 3179 τῶν
890 3111 1074 3199 ἀντιγράφων
1095 3136 1140 3198 γρ.
1167 3110 1286 3186 εύσοίας

177 3223 274 3308 χάριν,
299 3220 315 3288 ὃ
338 3220 389 3289 καὶ
409 3225 437 3290 οί
460 3218 760 3309 ύπομνηματισάμενοι
782 3217 924 3293 ἀξιοῦσιν·
947 3219 1061 3285 ε’ύσοιαν
1084 3213 1119 3282 δέ
1140 3238 1216 3299 φασι
1234 3214 1286 3298 τήν

178 3324 324 3392 εύύένειαν
355 3339 416 3393 etc.
454 3330 507 3393 ubi
538 3328 624 3413 vulg.
658 3321 833 3390 εύσθένειαν.
888 3323 984 3388 Addo
1017 3321 1150 3386 eosdem
1184 3318 1286 3383 videri

179 3434 362 3515 significari,
386 3436 440 3518 qui
463 3433 691 3498 sententiarum
716 3429 965 3511 discrepantium
989 3437 1138 3491 auctores
1162 3416 1287 3507 εύεηυυ

181 3538 307 3602 nomine
329 3538 385 3602 ino
416 3539 535 3622 passim
558 3536 739 3617 laudantur,
773 3532 871 3596 veluti
903 3529 1019 3595 Electr.
1048 3528 1129 3616 5332:
1163 3523 1288 3608 πότερον

181 3638 283 3728 ἐκείνῳ
307 3639 424 3725 παῖδες]
448 3631 644 3723 λαμβάνονταί
665 3630 737 3711 τινες
757 3643 810 3702 τού
831 3624 961 3717 ποιητού
975 3632 1010 3699 ἐκ
1028 3624 1087 3724 των
1099 3627 1289 3715 Ὃμηρικιῖιν·

183 3745 247 3812 ἐπεὶ
273 3745 384 3819 ἐκεῖνος
405 3745 470 3826 μίαν
494 3738 637 3827 γεγονέναι
669 3743 711 3819 τῷ
744 3733 887 3824 Μενελάῳ
921 3738 971 3821 τήν
999 3731 1156 3820 Ἑρμιόνην
1190 3731 1289 3816 φησίν,

183 3848 266 3925 οὗτος
288 3848 322 3914 δὲ
345 3851 466 3921 διπλοῦς
498 3844 693 3930 ὁμομητρίους
730 3840 816 3925 φησὶν
847 3839 927 3920 αὐτῷ
949 3835 1113 3922 γεγονέναι·
1144 3833 1229 3921 ὅμως
1250 3830 1286 3901 ού

183 3961 333 4038 συμφωνεῖ
354 3950 433 4032 αὐτῷ
448 3951 604 4030 Ἥσίοδος·
722 3945 757 4012 ού
779 3943 847 4029 περὶ
875 3940 1011 4029 μεγάλων
1041 3941 1075 4006 δὲ
1099 3940 1134 4006 ἀί
1161 3946 1291 4005 τοιαύσαι

184 4057 338 4139 διαφωνίαι
354 4065 415 4131 τοῖς
435 4055 599 4138 ποιήμασιν,
614 4050 690 4117 ὥστε
705 4049 738 4116 ού
753 4045 829 4114 πάνυ
844 4050 888 4113 δεῖ
900 4045 999 4122 αύτοῖς
1010 4043 1058 4110 ἐπὶ
1071 4043 1181 4108 τούτων
1199 4038 1290 4124 ἀνοχ-

184 4165 253 4242 λεῖν,
276 4155 438 4244 ἀφεμένους
461 4152 518 4221 τῶν
542 4151 786 4238 ἀναγκαιοτέρων,
810 4150 886 4236 άπερ
910 4162 1088 4235 παρατηρεῖν
1112 4143 1204 4231 ἐχρῆν
1228 4156 1289 4209 ete.

185 4265 293 4348 iidem,
325 4264 449 4346 opinor,
484 4260 704 4346 significantur
733 4259 765 4323 in
788 4256 839 4323 his
861 4253 969 4323 Schol.
993 4252 1113 4334 verbis,
1144 4269 1229 4337 ιγυυο
1249 4265 1291 4312 ox
