2902 4822
692 432 768 511 tot

175 629 429 714 Aristophanem
450 628 553 694 luisse
575 639 607 694 et
631 630 760 716 quidem
782 625 824 691 ad
846 624 1047 708 trilogiarum
1069 624 1205 689 formam
1224 625 1290 709 pri·

174 733 274 796 meria
297 752 395 817 opera
419 732 633 816 disposuisse,
669 741 807 797 testatur
827 719 1001 811 Diogenes
1015 726 1122 791 Laert.
1153 727 1208 810 lll,
1227 728 1289 795 dl:

174 835 295 919 inquo
330 854 431 918 opere
460 855 533 898 eum
562 835 764 920 singulorum
797 848 928 916 quoque
954 829 1102 894 locorum
1131 833 1288 897 rationem

174 937 330 1002 habuisse
361 957 519 1021 suamque
547 937 589 1001 de
611 957 741 1022 quoque
773 932 965 1000 sententiam
997 950 1088 997 more
1109 952 1172 997 suo
1194 942 1289 999 notus

175 1039 355 1103 adiiciendo
377 1041 631 1123 exprompsisse,
655 1039 741 1104 haud
763 1039 920 1103 absonum
938 1036 1044 1099 fuerit.
1079 1034 1169 1101 Haec
1180 1037 1288 1103 omnis

174 1143 258 1205 inter
279 1160 318 1205 se
339 1153 404 1205 tam
425 1142 532 1206 vincta
556 1153 589 1206 et
609 1141 789 1226 probabilia
811 1141 887 1204 mihi
910 1139 1039 1223 quidem
1062 1138 1231 1222 videntur,
1253 1148 1289 1205 nt

178 1244 220 1308 ad
242 1244 411 1307 veritatem
444 1245 491 1307 rei
513 1244 590 1307 nibil
615 1245 677 1308 nisi
698 1254 822 1308 eertum
855 1242 926 1306 eius
948 1242 1124 1307 notationis
1144 1242 1288 1309 testimo·

176 1347 263 1410 nium
287 1345 506 1411 desideretur:
530 1347 617 1431 quod
640 1347 669 1410 si
690 1347 722 1409 in
744 1345 883 1410 Scholiis
896 1343 1081 1426 Platonicis,
1104 1364 1188 1428 quae
1203 1364 1288 1411 nuno

176 1458 308 1531 praesto
331 1458 417 1531 sunt,
440 1447 559 1512 frustra
584 1461 767 1533 quaeratur,
791 1449 824 1511 id
846 1449 901 1531 qui
922 1449 1008 1511 norit
1029 1467 1125 1532 quam
1148 1448 1288 1513 neutiss

174 1555 288 1615 aetatis
312 1568 349 1614 ea
373 1551 541 1615 maximam
565 1561 652 1615 certe
672 1562 795 1634 partem
814 1552 888 1631 sint,
912 1569 977 1614 non
995 1548 1172 1616 mirabitur.
1205 1550 1287 1617 Nam

175 1652 342 1737 σημείωσαι
363 1652 453 1734 illud,
477 1650 565 1735 quod
586 1653 757 1737 aliquoties
786 1653 922 1738 singulis
944 1650 1085 1716 Scholiis
1106 1653 1288 1736 praefixum

175 1756 437 1840 deprehenditur,
466 1755 567 1820 veluti
598 1775 631 1837 p.
653 1755 728 1821 317.
758 1755 832 1818 318.
855 1757 927 1818 327.
950 1755 1024 1818 332.
1067 1753 1189 1840 Bekis,
1224 1777 1287 1823 non

174 1859 279 1924 ausim
310 1877 351 1922 eo
381 1877 501 1941 sensu,
536 1877 633 1942 quem
665 1858 805 1940 explicui
835 1865 863 1932 s.
886 1858 947 1940 21,
980 1868 1055 1922 ante
1082 1858 1287 1942 interpretari

175 1980 272 2046 qnam
306 1979 366 2026 eos
398 1961 452 2045 qui
485 1959 616 2026 Scholia
653 1963 911 2045 composuerint,
953 1960 1110 2044 exemplis
1142 1961 1286 2031 Platonis
1346 1996 1350 2003 ·

176 2062 312 2148 signatis
334 2081 415 2128 usos
437 2082 513 2128 esse
535 2063 788 2128 demonstratum
810 2064 914 2127 fuerit.

261 2163 413 2229 Ceterum
441 2166 577 2231 eandem
614 2167 832 2230 coniecturam
867 2164 909 2227 de
936 2175 1070 2231 auctore
1100 2166 1286 2235 Platonicos

175 2265 350 2332 notationis
377 2267 473 2332 video
495 2270 590 2332 etiam
613 2267 788 2353 Bergkium
817 2266 975 2331 Zeitsohr.
1004 2271 1024 2333 f.
1048 2269 1080 2334 d.
1102 2270 1169 2337 Alt.
1193 2272 1285 2339 test

173 2367 239 2437 No.
260 2367 312 2434 15.
334 2389 366 2454 p.
389 2370 463 2454 113,
485 2370 561 2435 lieet
583 2371 688 2436 obiter
709 2381 742 2436 et
764 2371 915 2453 timidius,
937 2373 1161 2456 proposuisse.

674 2529 702 2597 S.
732 2523 784 2588 31.

362 2648 415 2705 lie
447 2645 571 2722 signis
608 2645 827 2730 Aristarchi
863 2649 1091 2710 Homericis.

260 2778 472 2846 Pervenimus
487 2779 617 2844 tandem
634 2801 694 2864 per
708 2782 861 2867 ambages
879 2780 921 2844 ad
940 2783 1151 2869 principalem
1167 2783 1284 2869 locum,

173 2884 216 2948 sd
238 2903 334 2968 quem
356 2882 398 2947 ab
420 2883 507 2946 omni
536 2894 628 2966 parte
657 2883 917 2966 pernoscendum
937 2885 990 2967 iis,
1024 2907 1107 2971 quae
1128 2888 1285 2955 hactenns

173 2987 425 3071 disputavimus,
457 2985 509 3048 via
532 2988 625 3069 quasi
647 2989 766 3052 munita
795 3007 882 3051 nunc
914 2988 1081 3054 accedere·
1098 3011 1284 3074 possumus.

172 3087 209 3153 ln
242 3109 307 3174 qua
340 3088 529 3174 quaestione
562 3091 763 3176 profliganda
797 3090 859 3155 dici
902 3109 966 3154 non
999 3102 1108 3175 potest
1140 3093 1285 3159 utilitatis

148 3180 327 3277 ,quantum
356 3190 470 3254 afferat
494 3190 699 3257 Anecdotum
730 3193 821 3257 Rom.
856 3213 954 3277 quum
983 3193 1055 3258 aliis
1088 3197 1285 3281 nominibus,

171 3303 303 3357 tumeo
332 3291 420 3377 quod
451 3312 550 3376 quum
583 3305 675 3359 antea
707 3317 745 3360 ea
777 3296 888 3381 signa,
922 3315 1006 3380 quae
1038 3298 1080 3362 ab
1114 3299 1190 3383 ipso
1210 3299 1285 3367 Ari·

170 3395 303 3460 starcho
331 3405 488 3477 usurpata
522 3407 650 3480 essent,
682 3399 723 3462 ab
755 3399 795 3463 iis
819 3418 903 3481 quae
936 3399 1006 3462 eius
1030 3403 1285 3479 nomenmenti·

169 3507 293 3580 rentur,
317 3497 457 3561 discerni
476 3501 605 3584 aegrius
618 3511 768 3584 possent,
791 3521 876 3565 nuno
893 3502 1022 3565 demum
1037 3502 1145 3567 edocti
1157 3524 1284 3589 sumus,

169 3620 253 3687 quae
287 3601 419 3686 proprie
449 3600 491 3664 ad
524 3601 705 3667 Aristarchi
734 3623 830 3668 usum
859 3606 1088 3688 pertinuerint,
1132 3610 1284 3693 quaeque

166 3704 263 3768 huius
284 3724 325 3768 ex
347 3703 459 3770 schola
480 3703 625 3787 profecta
646 3706 874 3790 progrediente
900 3717 1047 3790 tempore
1065 3718 1122 3773 aut
1137 3720 1284 3793 potesta·

166 3816 217 3870 tes
239 3807 385 3890 ipsorum
408 3806 605 3891 aliquantum
627 3809 793 3890 mutarint,
832 3811 1005 3873 autetiam
1029 3811 1121 3876 novis
1144 3812 1284 3879 adauctu

168 3909 244 3992 sint,
268 3908 301 3972 id
324 3908 411 3994 quod
432 3910 465 3972 in
496 3910 707 3992 sequentibus
738 3910 964 3995 persingulas
987 3923 1092 3996 notas,
1122 3923 1284 3999 quotquot

164 4012 328 4078 acriticis
353 4012 522 4097 quibusvis
553 4011 716 4077 Homerici
751 4013 944 4078 carminibus
978 4014 1162 4098 adscriptae
1193 4026 1283 4099 sunt,

164 4115 428 4201 persequendum
450 4123 510 4180 est.
555 4114 651 4197 Quod
672 4126 709 4179 nt
731 4125 819 4179 reete
840 4117 1007 4200 procedat,
1043 4119 1219 4201 separatim
1240 4116 1282 4183 ds

162 4217 276 4304 signis,
312 4217 430 4307 quibus
451 4217 525 4303 ipse
556 4216 766 4285 Aristarchus
800 4218 904 4286 fertur
936 4239 1017 4285 usus
1046 4238 1132 4307 esse,
1164 4219 1281 4295 dicam,
