2902 4822
681 435 758 517 titt

168 627 374 693 Harleiannm
405 627 575 692 librarium
608 629 782 694 tentamina
815 628 993 694 Zenodotia
1022 634 1154 697 *nomme
1187 653 1280 716 μετα-

167 740 292 817 ηραφῶν
315 731 517 815 appellantur
543 731 708 815 peculiari,
744 733 1003 817 quandoquidem
1041 734 1073 798 in
1103 734 1281 800 referendis

168 838 312 902 eiusdem
343 836 549 900 diorthoseos
577 835 769 900 lectionibus
794 835 977 901 Scholiasta
1010 836 1156 904 Venetus
1188 841 1281 905 innu-

168 941 267 1004 meris
300 939 381 1002 locis
412 939 512 1002 vorho
534 934 726 1021 μεταγράφειν
757 939 865 1020 utitur,
890 939 977 1022 quod
1009 939 1121 1004 Latine
1151 961 1281 1027 permu-

169 1053 243 1109 tare
274 1044 420 1108 redditur
451 1045 485 1106 in
516 1043 687 1108 Anecdoto
722 1042 825 1107 Paris.
859 1042 900 1106 de
923 1045 1008 1108 notis
1029 1065 1060 1126 p.
1083 1047 1137 1110 87.

256 1146 309 1212 Ab
332 1145 512 1211 Aristarchi
546 1166 608 1210 usu
630 1148 830 1229 posteriores
859 1147 962 1211 critici
985 1146 1150 1213 Homerici
1178 1151 1277 1216 nihilo

172 1251 410 1330 discesserunt,
443 1259 668 1333 praeterquam
692 1251 779 1334 quod
808 1264 938 1333 praeter
959 1253 1098 1317 Cratetis
1122 1254 1279 1322 lectiones

169 1375 255 1420 nunc
277 1354 374 1418 simul
395 1355 489 1417 etiam
502 1354 683 1418 Aristarchi
705 1355 808 1437 ipsius
831 1357 1035 1439 scripturam,
1059 1358 1092 1421 id
1115 1361 1202 1442 quod
1226 1382 1279 1426 res

163 1460 241 1541 *ipsa
269 1456 465 1541 postulabat,
499 1455 584 1539 dipla
606 1468 760 1539 punctata
783 1468 950 1522 notarunt:
982 1481 1044 1543 qua
1077 1462 1118 1526 de
1146 1484 1182 1527 re
1204 1483 1281 1528 mox

170 1561 302 1623 dicetur.
342 1558 509 1639 'Quantum
539 1557 579 1620 ad
609 1557 790 1623 Aristarchi
819 1561 996 1644 scripturas
1026 1574 1155 1629 notatas
1178 1585 1282 1648 pauca

169 1664 331 1728 sufficient
362 1663 518 1744 exempla.
564 1661 747 1725 Notandum
781 1681 860 1726 vero
883 1665 915 1726 in
938 1663 1078 1731 Scholiis
1101 1664 1182 1732 Ven.
1210 1668 1282 1732 hre-

168 1770 277 1833 vitatis
305 1789 422 1833 caussa
454 1767 650 1831 creberrime
678 1765 797 1849 diplom
820 1767 974 1849 appellari
1005 1768 1203 1853 simpliciter,
1227 1771 1282 1835 uhi

170 1872 256 1956 dipla
278 1880 428 1954 punctata
452 1870 643 1934 nominanda
666 1869 780 1950 iuerat,
811 1869 899 1952 quod
926 1871 978 1933 vel
1001 1883 1084 1934 unus
1114 1871 1166 1936 hic
1189 1872 1280 1939 locus

170 1973 289 2038 docere
318 1982 437 2056 potest,
469 1973 523 2055 qui
553 1971 649 2036 simul
676 1971 814 2033 adrem
845 1972 949 2053 ipsam
972 1974 1118 2055 pertinet,
1154 1975 1194 2038 de
1217 1995 1281 2060 qua

92 2119 94 2122 >
169 2079 286 2160 agitur,
308 2099 334 2159 ν,
357 2077 437 2139 808:
471 2075 492 2159 ἡ
522 2077 622 2160 διπλῆ,
654 2071 696 2138 ὅτι
727 2071 893 2156 Ζηνόδοτος
921 2072 1081 2140 ὑποτάσσει
1112 2079 1199 2161 ,,λίην
1222 2076 1279 2163 γάρ

170 2203 224 2263 σφι
244 2188 331 2246 πᾶσιν
353 2176 485 2263 ἐκέκριτο
518 2174 626 2263 θάρσεϊ
654 2178 808 2263 πολλῳ”·“
829 2185 914 2243 τοῦτο
938 2177 972 2242 δὲ
997 2177 1046 2245 ἐπὶ
1074 2189 1133 2245 τῶν
1155 2205 1280 2266 προκει-

170 2282 264 2368 μένων
288 2286 446 2367 δηλοῦται·
467 2280 518 2347 καὶ
541 2276 769 2365 ὁἈρίσταρχος
791 2279 858 2364 περὶ
879 2289 931 2345 τοῦ
954 2283 1055 2365 στίχου
1079 2282 1174 2357 οὕτως
1191 2282 1281 2368 λέγει,

170 2384 216 2451 ὅτι
250 2383 280 2451 ἐν
314 2395 375 2459 τοῖς
403 2385 603 2469 Ζηνοδοτείοις
638 2381 772 2467 ἐφέρετο.
830 2383 890 2448 Cui
920 2388 1031 2449 versui
1066 2388 1099 2450 in
1125 2399 1280 2453 contextu

169 2491 297 2574 signum
326 2488 431 2572 diplas
459 2498 631 2570 punctatae
660 2488 839 2571 praefixum
874 2498 934 2551 est.
967 2488 1073 2556 ,ldem
1101 2490 1220 2554 factum
1249 2515 1278 2575 η,

167 2594 243 2659 546.
287 2592 407 2657 Contra
429 2612 450 2671 ι,
471 2592 546 2673 634,
569 2591 625 2654 uhi
646 2588 755 2654 Schol.
779 2592 819 2653 A.
850 2587 926 2656 ἑπτά
934 2613 942 2656 :
973 2589 1115 2676 ἡδιπλη,
1150 2589 1193 2658 ὅτι
1213 2595 1277 2676 Ζη-

167 2696 290 2779 νίηδοτος
312 2693 463 2778 ἐλέγχεται
481 2690 605 2778 γράφων
632 2694 676 2775 di,
706 2691 781 2777 ἀτὰρ
805 2691 972 2778 ἑβδομάτην
995 2695 1157 2780 Βρισηίδα·
1181 2696 1277 2782 χιυρὶς

167 2795 224 2882 ηάρ
247 2795 314 2863 εἰσιν
337 2798 367 2863 αἱ
389 2795 471 2863 ἑπτά
523 2799 585 2862 Ηίο
612 2801 646 2861 in
673 2809 826 2863 contextu
856 2800 980 2880 pariter
1007 2799 1092 2881 dipla
1121 2822 1212 2884 pura,
1242 2812 1277 2866 ut
1408 2868 1411 2872 ,

167 2905 263 2966 etiam
286 2906 317 2983 θ,
346 2903 419 2966 448.
461 2902 563 2966 Recte
585 2921 663 2965 vero
688 2924 707 2982 ι,
730 2903 793 2965 637
822 2902 908 2984 dipla
939 2916 1092 2984 punctata
1113 2904 1277 2988 adscripta
1321 2900 1323 2904 ⁴

166 3003 294 3088 legitur,
316 3003 474 3068 illustrata
496 3024 515 3067 a
537 3001 646 3069 Schol.
676 3006 735 3069 Aa
769 3005 905 3088 πληθυος
925 3002 962 3069 ἐκ
983 3006 1104 3070 Δαναῶν
1135 3001 1179 3069 ὅτι
1211 3007 1276 3088 Ζη-

165 3104 287 3183 νόδοτος
308 3105 416 3193 γράφει
440 3105 570 3192 ,ἀθρόοι
592 3105 627 3172 ἐκ
647 3108 805 3172 Δαναῶνέέ·
827 3117 894 3182 πῶς
916 3106 950 3172 δὲ
972 3105 1082 3191 ἀθρόοι
1100 3102 1276 3190 ἐληλυθέναι

165 3211 300 3280 δύνανται
320 3213 374 3278 δύο
398 3213 487 3286 ὄντες.
531 3212 591 3277 Est
613 3215 711 3278 etiam
738 3213 794 3277 uhi
815 3212 985 3276 Zenodoto
1015 3232 1079 3275 non
1112 3213 1275 3277 nominato

164 3328 299 3400 propter
327 3317 444 3400 diplam
473 3327 657 3400 punctatum
691 3317 854 3381 contextui
877 3317 1037 3399 adpictam
1060 3317 1114 3382 illa
1136 3319 1275 3402 quaein

165 3418 306 3484 Scholiis
318 3420 501 3484 referuntur
512 3420 722 3503 probabiliter
737 3417 950 3502 vindicantur,
965 3431 998 3483 ut
1012 3425 1038 3501 Ε,
1056 3421 1127 3503 117,
1142 3431 1276 3485 auctore

164 3522 359 3608 Pluygersic
386 3545 416 3608 p.
440 3526 470 3590 9.
504 3524 630 3589 Duhiae
659 3523 851 3588 conditionis
879 3534 929 3587 est
958 3522 1050 3587 locus
1079 3543 1108 3604 γ,
1137 3523 1212 3605 277,
1242 3522 1276 3585 in

164 3636 318 3690 contextu
340 3625 427 3709 dipla
448 3636 601 3710 punctata
622 3628 818 3708 instructus,

266 3726 369 3814 ἠέλιός
389 3724 417 3796 θ’
445 3726 479 3805 ὃς
499 3724 580 3795 πάντ’
606 3728 722 3817 ἐφορᾷς
742 3727 794 3794 ιιαὶ
815 3721 896 3794 πάντ’
921 3725 1087 3808 ἐπακούεις,

162 3835 219 3898 ubi
240 3831 341 3898 Schol
362 3834 403 3898 A.
432 3834 453 3918 ἡ
476 3837 565 3918 διπλῆ
595 3830 823 3919 περιεστιγμένη,
839 3893 842 3899 .
858 3830 901 3898 ὅτι
922 3832 1004 3917 ἥλιος
1036 3829 1098 3896 ἀντὶ
1125 3838 1179 3896 τοῦ
1199 3831 1275 3917 ἥλιε,

163 3935 209 4012 ὡς
224 3935 317 4002 «ιιᾶιιεῖ
339 3938 415 4019 ,δὸς
437 3939 545 4020 φίλος“
569 3936 705 4023 [Odyss.
728 3961 757 4023 ρ,
780 3936 859 4021 415]
891 3935 941 4001 καὶ
971 3930 1073 4018 ,ἀλλὰ
1095 3935 1183 4017 φίλος
1202 3932 1278 4002 θάνε
1398 4014 1400 4017 ι

162 4039 213 4114 καὶ
235 4040 271 4106 σθ
295 4039 545 4125 [11ῑει1.χ,106].
581 4040 639 4105 Καὶ
658 4040 735 4125 πρὸς
757 4040 807 4125 τὴν
831 4035 968 4132 ἀθέτησιν
990 4047 1048 4102 τῶν
1067 4035 1096 4102 ἐν
1112 4031 1277 4125 Ὀδυσσείᾳ

153 4141 274 4228 Λ,,ιύιιέα
304 4139 330 4208 d'
363 4140 458 4232 ἠέλίορ
491 4144 621 4240 ὑπερίονι
650 4145 774 4227 ἅγγελος
803 4141 917 4228 ιἠλθενιι
952 4141 997 4226 [μ,
1019 4140 1097 4225 374]
1130 4140 1198 4226 περὶ
1225 4150 1279 4227 τῆς

168 4244 321 4322 ἀπωλείας
352 4256 411 4314 τῶν
443 4249 524 4333 βοῶν
552 4256 598 4335 τῷ
628 4245 740 4324 πάντας
768 4245 922 4334 ἐφορῶντα
966 4246 1057 4333 Quae
1080 4246 1121 4310 de
1143 4244 1280 4311 athetesi

1023 4348 1044 4410 9
1061 4347 1074 4375 ί
