2902 4822
533 444 804 541 stt,

113 628 332 726 significantes
354 639 457 724 δισλῆν
470 641 670 723 παρακεῖσθαι
680 637 732 707 bis
743 637 908 720 versibus·
928 637 1056 725 quihus.
1078 641 1223 715 utscbm

112 744 191 809 lium
208 743 330 809 diserte
341 743 447 826 docet,
465 741 500 807 τὸ
520 740 672 826 ἀντίσιγμα
688 741 893 827 capessito&
915 737 1016 811 Vides
1025 765 1121 833 quant
1138 747 1224 816 helie

112 858 179 911 tota
202 848 297 911 buius
320 845 383 909 loci
413 847 535 909 notatio
565 865 638 909 cum
667 846 707 909 iis
736 845 922 928 conveniat,
952 864 1074 934 quaca
1104 852 1225 920 ceteris

113 950 249 1015 testibus
266 961 340 1014 ante
362 951 534 1033 exscriptis
550 948 729 1031 traduntur,
753 947 943 1031 praesertim
961 968 1035 1012 cum
1051 951 1224 1018 Auccdoto

113 1054 224 1135 Rom,
248 1064 283 1117 ut
306 1052 346 1117 de
367 1054 492 1116 ratione
515 1054 585 1116 eius
607 1052 729 1115 nullum
752 1051 951 1135 relinquatur
973 1052 1114 1117 dubium.
1156 1055 1225 1120 Fir·

114 1170 180 1221 mat
204 1140 264 1221 sua
294 1167 465 1240 praeterea
491 1153 701 1241 Pluygersius
733 1153 896 1220 declarata
927 1157 1068 1240 genuina
1090 1157 1223 1231 alterius

115 1260 179 1329 loci
208 1260 283 1339 (alia
305 1257 452 1344 exempla
474 1279 534 1342 per
556 1270 658 1322 totum
680 1257 836 1333 Codicem
863 1258 981 1323 frustra
1011 1265 1226 1344 quaeruntur)

115 1362 299 1427 conditione
319 1363 407 1428 bunc
426 1362 460 1425 in
482 1363 629 1431 modum:
667 1361 738 1426 „Ad
758 1361 798 1442 B,
829 1355 1000 1441 188,'item
1023 1364 1064 1426 ad
1086 1385 1135 1431 vs.
1162 1367 1227 1433 192
1298 1424 1301 1428 .

115 1468 148 1530 in
170 1466 283 1535 codice
305 1465 432 1553 signum
455 1466 619 1549 appictum
640 1475 701 1546 est,
725 1463 814 1549 quod
836 1483 948 1527 verum
969 1467 1140 1552 antisigma
1153 1471 1227 1554 erit,

115 1572 145 1634 si
175 1580 330 1655 punctum
360 1567 532 1633 sustuleris
565 1570 599 1633 in
627 1568 734 1632 medio
766 1565 909 1631 additum
918 1587 929 1649 3
963 1568 1004 1632 ad
1027 1591 1110 1653 quae
1133 1573 1226 1657 signa

116 1672 237 1738 scholia
259 1673 421 1757 pertinent
443 1671 540 1736 haec:
573 1674 609 1752 B,
633 1673 710 1735 188:
741 1669 818 1756 πρὸς
839 1669 889 1753 τὴν
911 1666 990 1745 τάξιν
1017 1681 1076 1737 τῶν
1100 1675 1170 1764 ἑξῆς
1190 1673 1228 1740 τὸ

116 1772 274 1857 ἀντίσιγμα.
297 1777 396 1854 -Β,
420 1775 502 1837 192;’
531 1773 565 1838 τὸ
589 1771 740 1857 ἀντίσιγμα
761 1771 805 1837 ὅτι
827 1771 885 1837 ὑπὸ
911 1781 1010 1838 τοῦτον
1032 1776 1095 1841 ἔδει
1115 1774 1226 1862 τετάχ-

115 1881 167 1943 θαι
186 1878 255 1951 τοὺς
277 1878 349 1960 ἑξῆς
369 1875 613 1960 ταρεστιγμὲνοος
643 1886 722 1962 τρεῖς
744 1877 882 1962 στίχους·
911 1873 966 1943 εἶσὶ
988 1875 1044 1964 γὰρ
1067 1878 1145 1963 πρὸς
1166 1881 1227 1962 βα..

116 1983 206 2054 σιλεῑς
235 1977 412 2063 ἁρμόζοντες
442 1977 476 2044 οὐ
498 1979 577 2063 πρὸς
607 1979 739 2064 δημότας
759 1977 817 2062 „od
846 1976 899 2064 μέν
921 2004 988 2055 ποις
1009 1980 1115 2061 πάντες
1136 1984 1227 2065 βασι·
1304 1975 1311 1983 ’

115 2083 256 2167 λεύσομτν
273 2077 373 2154 ἐνθάδ’
391 2075 522 2166 Ἀχαιοί,
545 2080 600 2148 οὔκ
614 2080 726 2166 ἀγαθὸν
749 2084 958 2169 πολυκοιρανίη
979 2084 1030 2151 καὶ
1045 2083 1082 2151 τὰ
1104 2087 1175 2174 ἑξῆς
1190 2087 1228 2156 ⁸).

115 2185 275 2252 Versibus
298 2197 415 2267 autem,
439 2187 495 2270 qui
517 2183 737 2271 παρεστιῃιένοι
757 2207 832 2252 esse
850 2187 1020 2271 debebant,
1043 2201 1079 2254 ut
1093 2201 1227 2276 apparet

116 2288 294 2370 ascholio,
317 2289 525 2372 quodmodo
548 2292 698 2376 apposui,
733 2301 765 2353 ct
788 2310 829 2357 ex
852 2310 903 2372 eo,
927 2290 1014 2374 quod
1042 2291 1161 2378 legitur
1184 2292 1227 2356 ad
1292 2344 1296 2350 .

116 2393 149 2472 Β,
181 2393 263 2457 203:
296 2391 390 2477 τούτῳ
423 2390 474 2456 καὶ
503 2401 565 2467 τοῖς
593 2385 651 2477 μετ’
675 2389 763 2457 αὐτὸν
794 2392 847 2457 δύο
868 2392 888 2476 ἡ
911 2393 1012 2478 στιγμὴ
1043 2403 1227 2480 παρακεῖτας,

114 2495 269 2575 secunda,
290 2505 325 2558 ut
347 2495 487 2576 videtur,
521 2516 635 2564 manus
658 2496 690 2558 in
713 2495 827 2562 codice
849 2498 994 2580 appinxit
1015 2498 1109 2584 signa
1128 2520 1227 2585 quae

114 2598 188 2662 dam
210 2596 328 2661 nullius
351 2597 630 2682 significationis.“
665 2595 751 2662 Vera
774 2601 803 2663 si
825 2586 901 2664 sunt
920 2620 1003 2684 quae
1021 2600 1227 2671 deversuum

113 2701 286 2767 toa-205
307 2703 432 2767 ratione
454 2700 666 2787 Pluygersius
689 2701 865 2782 adnotavit,
889 2723 994 2788 neque
1015 2725 1079 2790 ego
1097 2704 1226 2789 quidem
1298 2715 1299 2720 ’

113 2824 151 2883 ea
173 2805 208 2872 in
230 2803 361 2870 dubium
383 2823 479 2886 voco,
502 2805 686 2888 expeditum
709 2827 761 2875 me
784 2807 889 2871 sentio
915 2809 1083 2892 angustiis,
1108 2808 1225 2892 quibus

112 2906 282 2991 premebar
304 2906 346 2970 ob
369 2907 499 2992 signnm
523 2925 567 2991 c,
590 2908 677 2992 quod
701 2910 733 2973 in
754 2907 1085 2992 excmploVilloisoni
1108 2911 1226 2994 cuique

112 2994 209 3075 trium
231 3011 367 3077 istorum
389 3030 541 3075 versuum
564 3013 786 3098 praepositum
808 3023 869 3093 cst,
896 3012 1048 3096 quodque
1077 3013 1226 3102 protinus

115 3113 341 3180 condemnare
363 3113 437 3180 ideo
460 3134 524 3177 non
547 3116 715 3198 audebam,
739 3115 825 3200 quod
840 3114 942 3179 tribus
963 3114 1126 3190 aliislocis
1140 3115 1225 3185 idern

112 3216 219 3282 redire
242 3216 401 3299 videbam,
425 3237 487 3282 nec
508 3228 616 3286 tamen
638 3219 801 3303 explicare
822 3218 977 3285 sciebam.
1020 3216 1103 3282 Sunt
1124 3219 1176 3288 ai:
1284 3218 1286 3220 ’

318 3361 353 3440 n,
377 3358 451 3424 aas.
1083 3407 1103 3439 ,

200 3517 222 3583 e
248 3495 355 3572 Αὕτως
384 3492 558 3582 ἀκράαντον,
589 3493 625 3563 οὗ
646 3495 734 3562 ἕνεκα
768 3490 846 3582 δεῦρ’
868 3492 1024 3580 ἱκόμεσθα,

77 3628 79 3632 ⁴
112 3635 168 3700 ubi
190 3633 350 3721 Heynius:
389 3633 492 3724 »Huic
513 3636 625 3703 versui
647 3635 681 3699 in
704 3632 830 3702 Veneto
861 3635 1026 3719 appictum
1057 3650 1080 3734 ρ
1111 3632 1223 3710 debuit

115 3818 400 3839 h———.—.,

165 3931 194 3996 κ)
214 3925 398 3992 offensiones,
416 3925 517 3997 quibus
534 3923 635 3980 ductus
652 3942 788 3986 nonnemo
812 3926 846 3981 dc
865 3922 1076 3997 transponendis
1093 3924 1222 3980 versibus

216 4017 358 4083 cogitaret,
375 4011 448 4065 baud
466 4013 609 4082 ignorasse
626 4013 736 4067 uidetur
754 4013 904 4086 Dionysius
921 4009 983 4066 flat.
1001 4009 1060 4067 Art.
1074 4009 1144 4065 rbct.
1156 4015 1182 4076 7,
1195 4015 1222 4076 9,

207 4086 353 4171 'siquidem
377 4097 515 4166 vulgatam
541 4096 596 4151 loci
623 4085 794 4171 scripturam,
818 4100 847 4152 in
869 4114 923 4170 qua
942 4113 1013 4170 quae
1039 4097 1075 4151 ad
1092 4097 1222 4169 populum

215 4185 333 4242 dicenda
351 4181 473 4252 regibus,
490 4199 563 4255 quae
580 4181 616 4237 ad
638 4201 721 4254 reges
738 4184 840 4256 populo
858 4184 957 4248 tributa
976 4191 1080 4250 essem,
1104 4183 1227 4248 artifieiov

214 4271 333 4344 quadrua
348 4276 449 4342 poetae
466 4269 608 4337 rudem
621 4270 731 4332 studuit
850 4322 857 4333 .
1093 4345 1095 4351 ,

376 4359 377 4362 ’
948 4356 1017 4421 10*
