2902 4822
624 419 814 496 ·1uu

125 656 129 659 -
219 634 280 680 suo
311 615 452 699 quidque
484 621 631 676 notarum
663 611 737 675 loco
768 609 1089 692 commonstrahitur‚
1121 630 1208 676 nunc
1240 620 1332 695 patet

218 720 338 801 pariter
359 727 456 800 atque
478 717 511 778 in
523 715 620 778 lliade
644 715 728 778 notis
754 712 979 798 distinguenda
993 713 1219 778 Aristarchum
1233 715 1331 779 etiam

218 821 251 884 in
261 821 410 906 Odyssea
433 829 595 893 versatum
618 838 693 882 esse
714 817 894 900 iisdemque
907 816 1009 900 signis
1023 815 1203 900 iisdemque
1217 836 1331 883 eorum

218 923 432 1008 potestatibus
451 941 545 986 usum
562 940 638 985 esse
644 941 656 1003 3
680 922 732 985 cui
750 921 798 984 rei
816 918 1003 1003 probandae
1020 920 1099 982 satis
1112 920 1173 983 erit
1184 920 1236 984 vel
1249 919 1332 996 haec

207 1028 251 1093 in
272 1037 477 1090 antecessum
508 1024 664 1088 attulisse.
710 1023 831 1108 odyss.
860 1045 890 1102 κ,
919 1021 981 1086 35:
1017 1018 1062 1094 ὡς
1090 1018 1231 1106 saluit]
1264 1025 1331 1107 Ση-’

217 1135 360 1212 μειοῦται·
377 1123 577 1211 Ἀρίσταρχος
597 1121 677 1207 λέγει
697 1123 747 1190 τὸν
772 1124 806 1210 [l.
829 1122 879 1209 τό]
902 1121 953 1189 καὶ
974 1123 1156 1208 περιττεύειν.
1192 1126 1227 1206 Γ,
1251 1125 1329 1190 234:

217 1225 401 1314 >inpetentem
432 1227 482 1292 τὸν
516 1229 626 1310 στίχον.
675 1227 732 1292 Vs.
766 1229 823 1290 241
861 1238 893 1291 et
926 1229 1008 1292 242:
1042 1225 1231 1308 Ὀβελίζοντο
1264 1227 1332 1296 δύο.

216 1331 296 1396 ltem
326 1333 354 1411 d,
385 1332 438 1396 93.
470 1329 520 1392 De
542 1331 690 1395 asterisci
713 1332 785 1414 puri
807 1330 1022 1414 asteriscique
1045 1350 1119 1394 eum
1147 1330 1245 1395 obelo
1266 1351 1331 1397 usu

217 1436 361 1519 inprimis
384 1431 582 1498 consulenda
595 1430 726 1497 Scholia
751 1455 823 1498 cum
839 1432 1008 1496 Eustathio
1030 1432 1072 1495 ad
1093 1456 1119 1514 τ,
1140 1434 1173 1515 4,
1197 1433 1237 1496 de
1259 1434 1331 1518 qui·

217 1537 279 1602 bus
302 1538 357 1601 uhi
380 1536 420 1600 de
446 1535 559 1598 horum
590 1535 757 1618 signorum
789 1556 853 1600 usu
883 1535 1083 1598 Aristarchio
1116 1555 1224 1599 sermo
1257 1537 1328 1620 erit,

217 1640 415 1705 enucleatius
439 1638 573 1701 dicetur.
607 1635 689 1701 Tum
703 1639 736 1700 in
756 1637 818 1702 hcc
832 1637 941 1701 labore
956 1637 1084 1700 minime
1102 1638 1330 1704 Aristarchum

217 1742 413 1823 substitisse,
437 1742 496 1805 scd
519 1751 554 1804 ut
575 1742 607 1803 in
630 1738 771 1822 lliadem,
794 1742 838 1803 ita
860 1741 956 1803 etiam
977 1742 1011 1802 in
1035 1739 1215 1825 Odysseam
1238 1761 1326 1807 com·

216 1845 390 1909 menterios
424 1844 648 1926 concinnasse,
681 1842 735 1906 vel
757 1863 799 1906 ex
820 1844 900 1926 ipsis
928 1844 961 1906 in
984 1843 1166 1928 Odysseam
1188 1841 1329 1911 Scholiis

215 1947 313 2012 hodie
335 1947 564 2029 superstitibus
587 1957 725 2029 constat,
758 1958 791 2011 et
812 1947 883 2010 aliis
907 1965 1037 2030 quoque
1064 1948 1202 2012 testibus
1224 1947 1329 2015 firma·

216 2060 278 2131 tur,
311 2068 448 2132 quorum
481 2070 578 2113 unum
601 2050 809 2132 peridoneum
842 2049 942 2112 affero
976 2049 1128 2112 loannem
1150 2049 1330 2115 Characem

216 2170 267 2233 ap.
292 2149 557 2215 Choeroboscum
579 2153 612 2214 in
634 2151 776 2216 Bekkeri
800 2151 926 2216 Anecd.
957 2173 988 2233 p.
1014 2151 1097 2216 1149
1120 2162 1153 2215 ct
1175 2150 1336 2217 Gaistoru

215 2273 249 2337 p.
272 2255 330 2316 20:
364 2250 415 2317 καὶ
436 2249 570 2335 εὐλόγως
593 2250 635 2328 εἷς
654 2255 707 2338 τὴν
730 2252 825 2338 ἀρχὴν
847 2262 900 2339 τῆς
919 2246 1100 2328 Ὀδυσσείας
1122 2250 1140 2318 ὁ
1160 2247 1328 2339 Ἀρίσταρ-
1399 2309 1405 2321 .

215 2377 272 2440 χσς
284 2353 339 2420 οὐκ
350 2353 506 2442 ἠβουλήθη
521 2359 622 2422 δοῦναι
636 2354 678 2431 εἷς
690 2355 724 2421 τὸ
742 2357 857 2442 ,ρἰνδρα
871 2356 941 2440 μοι“
960 2355 1014 2421 δύο
1037 2351 1144 2438 ὀξείας,
1163 2351 1243 2423 ἀλλὰ
1261 2357 1328 2442 μίαν

215 2455 257 2534 εἰς
281 2456 316 2523 τὸ
340 2461 389 2540 σῖ,
416 2457 541 2542 φάσκων
557 2457 608 2541 „tn
624 2456 706 2545 ἀρχῇ
716 2461 867 2544 ποιήσεως
883 2455 1052 2544 παράλογον
1070 2457 1105 2525 οὔ
1120 2457 1161 2544 μὴ
1175 2458 1326 2544 τοιήσω.“

214 2561 384 2626 Addamus
401 2562 507 2643 alium,
528 2562 587 2626 sed
602 2562 641 2625 de
653 2562 716 2626 fide
728 2572 928 2646 suspectum,
951 2562 1140 2628 Tortellium
1157 2562 1199 2625 de
1217 2563 1328 2628 ortho-

214 2663 349 2746 graphia
367 2684 397 2726 v.
417 2662 586 2729 Arethtoa
603 2663 657 2726 fol.
672 2665 715 2727 43
728 2683 764 2728 a:
792 2663 897 2729 nSane
918 2667 950 2730 in
973 2665 1128 2750 glossulis
1145 2664 1331 2743 Aristarchi

214 2786 314 2848 super
325 2765 397 2830 ΧΙΙΙ
412 2766 581 2850 Odysseae
591 2765 723 2830 Homeri
735 2767 852 2832 lihrum
864 2769 1009 2852 comperi
1023 2780 1161 2853 quatuor
1174 2767 1207 2830 in
1219 2765 1327 2831 diver·

214 2868 260 2932 sis
282 2867 391 2933 mundi
410 2869 554 2951 partibus
571 2869 673 2933 fnisse
685 2871 880 2936 Arethusics
899 2872 1023 2936 fontes:
1047 2890 1146 2935 unum
1164 2869 1251 2953 apud
1263 2867 1325 2954 Sy·

214 2991 359 3054 racusas,
382 2971 516 3036 alterum
534 2972 620 3055 apud
636 2970 819 3057 Smyrnam,
842 2975 971 3038 tertium
992 2975 1026 3038 in
1045 2972 1209 3038 Chalcidis
1232 2968 1332 3057 [sic],-

92 3092 94 3097 ’
214 3085 417 3159 et‘quartum
439 3077 472 3139 in
494 3075 641 3158 Ithacam
666 3087 805 3159 possunt
837 3077 922 3140 enirn
950 3077 1031 3141 haec
1060 3076 1167 3140 omnia
1196 3083 1327 3158 sumpta

213 3179 320 3258 putari
342 3197 384 3240 ex
410 3179 549 3263 vulgatis
571 3176 711 3243 Scholiis
734 3201 759 3260 ν,
781 3180 856 3262 408,
888 3182 922 3243 in
956 3179 1071 3263 quihus
1100 3187 1209 3242 tamen
1238 3175 1327 3243 mdla

213 3279 392 3344 Aristarchi
427 3282 547 3346 mentio
580 3280 625 3344 fit.
668 3281 778 3346 Possit
810 3292 915 3347 tamen
945 3281 1117 3346 divinando
1150 3279 1326 3345 Tortellius

213 3401 326 3446 verum
349 3384 389 3447 de
411 3384 601 3449 Aristarcho
622 3396 793 3449 assecutus
816 3406 903 3468 esse,
937 3384 1097 3470 siquidem
1131 3382 1219 3467 quod
1243 3381 1326 3448 alias

213 3484 333 3550 sactum
357 3488 452 3551 etiam
474 3489 526 3552 hic
547 3488 629 3552 sumi
651 3485 738 3570 licet,
765 3488 990 3554 Aristarchum
1013 3506 1128 3571 presse
1151 3496 1326 3570 sequutum

213 3608 289 3654 esse
310 3589 495 3675 Didymum,
530 3592 584 3676 qui
618 3600 701 3654 teste
730 3586 894 3674 Stephano
929 3589 1010 3676 Byz.
1046 3611 1076 3654 v.
1096 3583 1270 3675 Ἀρέθσυσα
1290 3589 1326 3654 in

212 3680 448 3758 commentariis
478 3695 547 3758 suis
576 3696 611 3758 in
640 3693 811 3779 Odysseae
836 3692 952 3758 librum
982 3693 1004 3758 l.
1035 3693 1152 3757 dixerit
1169 3686 1325 3777 ’Apidon-

211 3817 260 3861 σαι
290 3793 325 3860 δέ
355 3793 424 3861 εἰσιν
454 3792 553 3877 ὀκτώ,
585 3796 640 3859 uhi
669 3797 702 3858 in
735 3815 870 3861 numero
901 3805 1042 3860 erratum
1073 3816 1148 3861 esse
1177 3796 1243 3859 iam
1269 3793 1325 3858 alii

210 3898 413 3962 adnotarunt.
468 3899 637 3964 Addamus
670 3897 827 3983 denique,
862 3899 1041 3962 Aristarchi
1074 3900 1108 3963 in
1140 3897 1324 3983 Odysseam

210 4002 477 4083 commentarios,
511 4003 637 4066 sinon
666 4002 828 4086 integros,
862 4009 1036 4084 excerptos
1069 4003 1102 4066 in
1131 4001 1246 4067 codice
1267 4008 1326 4065 aut

210 4100 348 4187 Veneto,
371 4115 426 4168 aut
448 4104 502 4188 qui
524 4124 565 4168 ex
588 4100 714 4168 Veneto
737 4105 951 4187 transcriptus
973 4104 1111 4188 videtur,
1142 4104 1230 4171 eirca
1251 4123 1324 4168 sae·

211 4206 319 4276 culum
348 4204 427 4275 XIV
456 4198 510 4277 vel¹
538 4203 602 4276 XV
631 4207 825 4298 superstites
853 4207 974 4290 luisse,
1006 4208 1037 4273 si
1064 4206 1147 4278 fides
1175 4203 1326 4278 tuenda
