2902 4822
617 1303 644 1375 S.
677 1298 707 1364 1.

430 1436 650 1509 Dispositio
677 1437 899 1510 argumenti.

198 1554 469 1670 Excerptorum
491 1588 783 1671 grammaticorum,
806 1608 889 1672 quae
911 1608 953 1651 ex
978 1586 1049 1652 cod.
1072 1583 1220 1649 Romano

111 1693 301 1778 vulgamus,
332 1690 407 1754 licet
439 1691 472 1753 in
506 1711 604 1754 unum
637 1710 757 1774 corpus
790 1693 898 1756 iuncta
932 1691 1099 1776 legantur,
1137 1689 1220 1753 ratio

111 1796 222 1878 dispar
242 1813 305 1858 nec
335 1812 455 1873 corpus
478 1792 607 1855 exhibet
629 1793 714 1856 iusto
736 1793 953 1858 membrorum
976 1793 1089 1858 ordine
1112 1790 1221 1875 dispo·

111 1897 209 1961 situm
230 1914 346 1958 unum:
370 1913 564 1977 quamquam
586 1895 693 1958 omnia
722 1894 763 1958 ad
783 1895 1015 1960 Aristarchiam
1042 1894 1222 1959 doctrinam

111 2007 261 2082 spectare
293 2006 349 2060 aut
380 2016 422 2059 ex
455 2016 492 2060 ea
523 2007 612 2061 certe
647 2019 859 2082 promanasse
891 2001 1051 2082 videntur,
1086 2004 1223 2078 excepta

111 2109 256 2163 extrema
277 2097 395 2181 libelli,
429 2099 458 2162 si
479 2099 524 2162 ita
545 2100 709 2182 appellare
730 2101 780 2165 fas
804 2111 871 2186 est,
911 2111 1020 2185 parte,
1058 2100 1151 2165 cuius
1181 2096 1223 2160 de

110 2201 200 2265 sonte
232 2200 265 2262 in
295 2211 464 2284 utramque
493 2211 617 2283 partem
647 2201 804 2286 disputari
836 2215 955 2288 potest.
1005 2205 1115 2287 Atque
1142 2200 1223 2264 haee

111 2305 183 2394 ipsa
217 2323 295 2386 pars
327 2312 471 2367 extrema
500 2304 579 2368 nihil
607 2291 776 2370 commune
805 2306 903 2371 habet
937 2328 1010 2372 cum
1033 2310 1222 2389 argumento

111 2407 276 2491 primario,
312 2406 401 2490 quod
430 2406 471 2470 ad
493 2416 588 2470 notas
611 2406 827 2473 Aristarobias
850 2419 987 2494 spectat,
1009 2417 1078 2473 tum
1100 2416 1223 2471 cetera·

110 2532 202 2594 rum,
237 2531 373 2595 quarum
400 2509 551 2593 bipartita
573 2520 623 2574 est
645 2497 745 2596 ratio,
780 2513 861 2576 ordo
889 2514 970 2577 mire
992 2510 1139 2577 turbatus
1162 2518 1223 2573 est.

110 2611 239 2676 Etenim
274 2634 373 2697 quum
405 2614 521 2696 positis
555 2613 587 2676 in
620 2613 727 2679 fronte
760 2615 881 2699 signis,
927 2635 1010 2701 quae
1043 2610 1224 2678 Aristarchi

111 2716 213 2798 ipsius
236 2735 311 2781 esse
334 2718 477 2799 speciem
498 2736 577 2799 prae
599 2737 636 2780 se
657 2717 772 2801 ferant,
803 2728 1035 2801 exspectasses
1057 2723 1223 2779 auctorem

111 2819 226 2883 horum
248 2820 289 2884 de
312 2831 489 2904 potestate,
524 2841 587 2905 qna
614 2820 822 2884 Aristarchus
849 2820 1038 2884 instruxerit
1072 2817 1224 2900 loquutu-

111 2945 183 2989 rum
204 2944 291 3007 esse,
315 2926 482 2989 subiicitur
504 2926 657 2989 continuo
683 2925 753 2987 eius
783 2924 1026 2988 consuetudinis
1051 2920 1223 2998 enarratio,

112 3045 208 3108 quam
234 3026 421 3090 criticorum
443 3025 635 3089 Aristarcho
657 3025 872 3089 recentiorum
895 3026 928 3108 ii,
958 3025 1013 3109 qui
1033 3032 1128 3086 notas
1151 3019 1224 3083 Ari·

111 3128 271 3192 starcbias
311 3131 487 3214 antiquitus
528 3129 662 3192 traditas
700 3148 794 3192 suum
832 3129 865 3191 in
900 3149 997 3194 nsum
1028 3123 1225 3191 adsciverint

111 3230 371 3317 adscitarumque
402 3232 603 3318 singularum
624 3231 691 3294 vim
719 3251 759 3295 ae
788 3241 985 3314 potestatem
1008 3248 1069 3294 suo
1092 3226 1224 3291 arbitrio

111 3335 309 3419 inverterint,
344 3346 524 3400 tenuerunt.
570 3333 663 3416 Quod
698 3335 751 3399 vel
780 3335 855 3399 inde
886 3334 1106 3420 cognoscitur,
1137 3328 1225 3414 quod

111 3437 144 3498 in
166 3438 226 3502 hac
245 3437 347 3502 libelli
370 3449 461 3520 parte
478 3439 790 3524 glossographorum
810 3449 842 3502 et
864 3438 1137 3502 heterodoxorum
1157 3431 1225 3514 pla·

112 3541 174 3604 cita
197 3552 500 3624 commemorantur,
529 3541 646 3624 quibus
669 3541 816 3626 notandis
850 3540 935 3623 dipla
965 3558 1048 3623 pura
1076 3534 1224 3617 apposita

112 3653 220 3707 esset:
246 3663 311 3727 quo
334 3645 463 3707 nomine
485 3643 713 3729 grammaticos
736 3641 920 3726 significari,
955 3640 1010 3724 qui
1031 3625 1247 3701 Aristarcho

112 3757 216 3810 aetate
239 3745 293 3811 vel
315 3747 514 3830 posteriores
536 3746 685 3828 fuissent,
709 3744 836 3809 ostendi
862 3743 890 3826 ᾗ.
911 3744 965 3809 40.
1019 3741 1114 3807 Adde
1137 3738 1225 3824 quod

112 3847 145 3909 in
165 3850 217 3913 his
240 3850 342 3933 signis
372 3850 557 3913 ceraunium
586 3849 736 3931 refertur,
770 3847 810 3912 ab
841 3845 1022 3911 Aristarchi
1051 3866 1116 3909 usu
1149 3843 1225 3908 alie·

112 3971 197 4014 num.
264 3951 345 4015 Tum
379 3950 527 4015 absoluta
561 3951 622 4015 bac
665 3950 815 4034 opusculi
853 3961 944 4033 parte
985 3950 1112 4013 demum
1145 3948 1224 4011 Ari·
1293 3945 1295 3949 ’

112 4054 233 4118 starchi
257 4064 406 4119 notarum
429 4054 590 4137 expositio
614 4055 798 4136 exhibetur,
821 4053 863 4117 ad
886 4063 1024 4136 mentem
1046 4052 1224 4116 inventoris

112 4155 216 4238 ipsius
236 4156 422 4240 adstricta,
458 4157 646 4220 intemerata
681 4164 713 4217 et
735 4176 830 4239 pura,
869 4177 934 4240 qua
964 4154 1100 4219 alterum
1129 4153 1224 4215 huius

112 4255 285 4344 farraginis
308 4268 405 4342 caput
428 4257 606 4323 conficitur.
642 4256 750 4341 Atque
773 4258 837 4324 hoc
858 4259 913 4342 ita,
937 4266 971 4322 ut
994 4254 1070 4336 dixi,
1093 4251 1223 4332 habere,
