2902 4822
529 370 534 375 ’
642 407 718 506 ιιι

124 620 165 684 de
187 630 271 705 synt.
294 619 318 702 1,
341 611 392 686 te
422 643 453 705 p.
475 623 536 685 771
570 620 612 684 ad
642 620 806 707 vulgatam
835 621 1007 687 lectionem
1036 622 1238 706 respicienst‘

124 724 160 788 Τί
186 719 237 788 ούν
270 722 340 807 ούχί
371 722 604 809 προσεπηνέχθη
636 722 699 790 ἐκεῖ
728 725 806 811 πρὸς
831 721 1033 812 Ἀριστάρχου
1062 734 1151 809 „mite
1186 723 1235 793 δαὶ

122 835 181 890 τῶν
204 827 304 892 ἄλλων
327 826 474 912 Τριύιον“,
502 827 553 894 καὶ
578 834 630 892 τοῦ
652 826 743 911 λόγου
772 826 963 906 ἀπαιτοῦντος
992 829 1027 896 τδ
1051 829 1164 915 ἄρθρον
1185 827 1236 895 καί

122 939 175 1015 τῆς
204 940 307 1016 φωνῆς
336 929 505 1017 ἐγκειμένης
529 940 584 996 τοῦ
609 933 805 1017 ἅρθρου;...
837 932 917 999 ἀλλὰ
949 923 1079 1017 φαίνεται
1114 929 1158 997 ύτι
1184 931 1235 997 τὸν

120 1029 317 1118 Ἀρίσταρχον
353 1035 441 1101 ἐκίνει
472 1036 507 1100 τὸ
543 1039 645 1121 ἔθιμον
678 1045 731 1114 τοῦ
767 1045 905 1121 ποιητοῦ,
942 1033 977 1113 ὃς
1012 1038 1150 1122 συνήθως
1182 1035 1235 1120 μὲν

124 1134 250 1202 ἐλλείπει
277 1147 339 1212 τοῖς
371 1139 505 1224 ἄρθροις,
536 1139 673 1207 συνάπτει
701 1136 737 1205 δὲ
767 1139 840 1224 μετὰ
869 1138 907 1204 τδι
937 1141 1075 1226 πύσματα
1102 1138 1153 1206 τὸν
1184 1141 1236 1208 δαί
1339 1182 1342 1186 -

122 1241 281 1326 σύνδεσμον

163 1467 169 1476 ’
275 1457 334 1515 ποῦ
357 1449 406 1514 δαί
427 1457 498 1534 νηῦς
519 1450 640 1533 ἔστηκε;

122 1551 197 1618 κατὰ
228 1549 286 1638 γὰρ
318 1553 370 1636 τὴν
396 1551 588 1638 προκειμένην
623 1553 750 1627 σύνταξιν
773 1549 822 1617 ἔπὶ
849 1553 952 1618 τούτου
975 1551 1062 1620 πάλιν
1084 1555 1232 1621 λείπειτὸ

122 1657 250 1742 ἄρθρον·
287 1654 338 1722 καὶ
368 1653 402 1742 ἧν
432 1655 597 1741 ἐγκείμενος
627 1655 644 1722 ύ
675 1657 726 1722 δαί
754 1656 926 1739 σύνδεσμος,
956 1659 1106 1734 λείποντος
1136 1651 1237 1724 ἑνικοῦ

122 1760 247 1845 ἄρθρου,
269 1756 349 1841 λέγω
370 1767 423 1826 τοῦ
444 1785 550 1844 η....
579 1759 631 1826 καί
655 1759 751 1835 ούτιινς
778 1757 985 1845 ἀκριβέστερον
1013 1760 1047 1825 τὸ
1068 1758 1232 1847 Ὁμηρικὸν

121 1865 196 1937 ἔθος
217 1850 415 1928 ἀπεδείκνυτο.
470 1863 517 1928 Cf.
540 1864 564 1947 l,
588 1867 618 1928 2.
650 1887 682 1949 p.
716 1866 793 1929 δεῖ
823 1862 967 1930 Crameri
1000 1863 1125 1929 Anecd.
1157 1864 1232 1930 Par.

122 1966 232 2032 Τ.111.
266 1989 297 2050 p.
330 1967 381 2030 13.
425 1967 476 2032 De
509 1968 566 2032 illo
598 1967 673 2051 loco
704 1967 878 2031 Homerico
912 1967 1158 2053 Aristarchique
1191 1970 1232 2034 de

122 2068 253 2133 Homeri
285 2072 483 2153 proprietate
515 2072 668 2157 loquendi
700 2072 872 2135 observata
903 2070 1032 2154 placitis
1065 2093 1095 2136 v.
1128 2072 1232 2136 Lehrs

121 2195 151 2256 p.
174 2173 247 2236 376.
278 2194 327 2257 sq.
359 2175 525 2238 verissime
558 2186 633 2257 post
666 2174 747 2238 alios
781 2174 962 2255 docentem,
996 2175 1231 2258 Aristarchum,

121 2278 246 2341 tametsi
271 2275 444 2340 Homerum
474 2277 609 2342 articulo
642 2279 831 2361 plerumque
854 2297 918 2340 non
940 2277 987 2340 uti
1010 2277 1230 2359 observasset,

121 2389 225 2443 tamen
260 2393 410 2444 nontam
433 2401 583 2444 severum
606 2382 719 2462 fuisse,
756 2383 832 2464 quin
854 2380 1034 2462 articulum,
1070 2380 1126 2443 uhi
1148 2381 1230 2443 ratio

122 2483 229 2566 ferret,
253 2483 482 2548 admittendum
504 2489 662 2549 censeret.
679 2487 707 2558 ³)
752 2483 853 2548 Cuius
875 2484 923 2547 rei
946 2481 1102 2565 exemplis
1125 2480 1230 2546 allatis

121 2605 240 2649 novum
264 2607 349 2650 nunc
370 2587 495 2651 accedit
517 2608 558 2650 ex
581 2587 690 2652 Schol.
725 2585 812 2651 Harl.
836 2586 877 2651 ad
905 2586 1087 2671 Odysseam
1111 2607 1129 2650 a
1153 2584 1231 2651 Cra·

121 2709 210 2753 mero
234 2689 356 2753 Anccd.
380 2689 483 2754 Paris.
506 2689 542 2753 Τ.
565 2691 616 2753 111.
639 2689 791 2775 vulgatis,
814 2690 871 2754 uhi
893 2712 924 2773 p.
948 2691 1012 2752 448
1034 2690 1074 2754 ad
1099 2693 1127 2771 ζ,
1149 2690 1230 2754 391:

276 2791 326 2858 καὶ
347 2788 405 2858 τότ’
428 2789 516 2859 ἔπειτ’
541 2793 647 2878 ἄνεμος
669 2791 721 2879 μὲν
745 2790 903 2874 ἐπαύσατο,
926 2789 982 2876 ἠδὲ
1003 2793 1114 2886 γαλήνη

273 2897 379 2962 ἔπλετο
401 2897 519 2981 νηνεμίη

121 3002 307 3066 adnotatur:
337 2996 537 3086 Ἀρίσταρχος
563 2999 605 3084 „ip
638 3000 704 3082 δὲ“,
738 2999 851 3084 ἄρθρον
882 2996 1042 3083 δεχόμενος
1072 2996 1107 3062 τὸ
1136 2999 1171 3086 ἦ·
1204 2999 1232 3064 οἱ

123 3103 156 3168 δὲ
178 3101 241 3170 ἀντὶ
259 3108 312 3169 τοῦ
333 3105 393 3187 καί,
416 3105 567 3170 videlicet
587 3105 611 3167 ii
633 3106 687 3188 qui
709 3101 766 3187 ἠδὲ
788 3101 982 3167 scribebant.

206 3209 303 3273 Addo
327 3208 435 3274 Schol.
458 3230 489 3291 η,
513 3208 593 3272 137:
626 3207 646 3291 ἡ
670 3206 704 3271 δὲ
727 3208 815 3293 διπλῆ
846 3205 924 3291 πρὸς
951 3205 986 3270 τὸ
1009 3205 1092 3288 ἔθος,
1115 3203 1166 3271 καί
1188 3203 1233 3270 ὅτι

122 3310 220 3376 κοίτου
258 3309 421 3396 ἀρσενικῶς
453 3311 535 3394 φησί.
579 3310 625 3376 lta
648 3312 779 3396 egregie
802 3328 861 3394 pro
885 3305 929 3373 ὅτι
960 3306 1117 3375 καὶτοῦτο
1139 3311 1232 3373 resti·

123 3414 276 3478 tuendum
299 3435 375 3481 esse
397 3434 533 3498 eamque
555 3414 700 3501 glossam
722 3414 764 3477 ad
796 3434 847 3479 vs.
869 3433 940 3496 seq.
970 3414 1131 3495 pertinere
1153 3412 1233 3475 vidit

101 3514 345 3584 ,Buttmannus
388 3519 536 3605 Longum
558 3528 647 3584 esset
668 3512 868 3601 perlustrare
889 3526 992 3579 totum
1015 3515 1078 3578 hoc
1101 3514 1234 3578 adnota-

122 3619 219 3684 tionis
252 3641 368 3708 genus,
403 3623 491 3706 quod
523 3624 556 3686 in
589 3620 780 3687 stabiliendo
811 3615 1066 3702 illustrandoque
1096 3617 1234 3681 maxime
1312 3648 1316 3657 ·

173 3823 267 3900 3),De
296 3843 348 3881 usu
378 3827 486 3882 articuli
514 3824 661 3881 Homerico
685 3820 849 3878 consulendi
876 3824 939 3890 post
964 3817 1098 3873 Wollium
1126 3817 1234 3889 Proleg.

227 3929 253 3984 p.
273 3915 324 3965 106
343 3914 522 3985 inprimisque
550 3911 676 3993 Alterum
702 3908 737 3962 ad
761 3906 862 3978 Odyss.
887 3923 915 3976 p.
934 3900 1013 3957 XXX
1032 3919 1073 3974 sq.
1108 3901 1236 3974 lleynius

226 3999 304 4053 lliad.
329 3998 360 4051 Τ.
389 3999 435 4054 lV.
459 4017 485 4069 p.
510 4001 550 4050 12.
570 4013 611 4069 sq.
652 3996 770 4068 depen
798 3994 833 4048 ad
864 3990 939 4069 llied.
965 3989 1082 4060 Anhang
1107 3990 1127 4043 l.
1156 3989 1185 4042 Τ.
1215 3989 1235 4042 Ι.

225 4102 252 4157 p.
270 4087 331 4138 302.
366 4083 494 4140 Matthiae
513 4084 548 4138 ad
571 4084 672 4155 Hymn.
690 4084 718 4135 iu
737 4080 828 4153 Apoll.
853 4078 942 4150 μ.18.
975 4075 1088 4148 Ephem.
1116 4075 1167 4130 litt.
1191 4075 1236 4128 le·

228 4188 306 4226 nens.
326 4171 410 4235 18113.
427 4170 478 4225 Νο.
505 4175 562 4224 118.
582 4189 608 4243 ρ.
626 4173 686 4225 ate.
720 4162 840 4223 Zeitsch.
863 4163 925 4220 td.
951 4160 1236 4219 Alterth.1837.No.

225 4260 269 4314 77.
288 4273 316 4329 ρ.
333 4260 394 4316 tw.
429 4257 552 4313 Dirutzer
569 4256 612 4313 De
630 4256 770 4312 Zenodoto
788 4272 814 4325 p.
831 4256 876 4310 to.

969 4340 1021 4431 ⁸*
