2902 4822
705 472 756 545 22

134 729 139 735 ,
177 665 273 734 etiam
302 669 419 749 refero,
448 664 511 728 nisi
544 662 585 725 ad
615 661 753 745 aliquem
785 659 991 723 Homericum
1022 660 1129 759 locum
1158 679 1197 723 ea
1226 679 1285 742 per

175 786 380 839 transennam
408 770 559 835 adnotata
581 785 727 848 censeaS,
764 784 847 849 quae
869 765 901 827 in
923 762 1143 847 Epimerismis
1166 767 1285 833 Home·
1371 804 1377 817 ι

138 939 139 942 ,
174 880 251 944 ricis
273 880 305 940 in
328 875 470 939 Crameri
493 869 616 934 Aneod.
640 868 744 932 Oxon.
767 866 803 931 T.
826 866 849 930 Ι.
871 887 903 949 p.
926 868 969 930 78
999 867 1040 931 de
1063 889 1145 933 voce
1167 867 1284 936 ἁλόντε-

175 984 224 1046 δον
250 984 282 1060 ῑο
305 980 447 1044 Homero
470 996 534 1038 non
557 984 684 1056 reperta
702 970 961 1055 perscribuntur:
996 970 1038 1034 Τὸ
1060 968 1172 1055 ὁμαλόν
1189 975 1284 1058 ἔχων,

173 1084 207 1147 τό
230 1091 336 1167 πρῶτα
358 1078 408 1163 μὲν
432 1076 489 1142 ὑπὸ
512 1072 669 1157 θαλάσσης
690 1070 896 1156 κρατούμενον,
920 1071 1039 1155 ὕστερον
1070 1071 1104 1136 δὲ
1126 1071 1222 1156 tutto,
1245 1076 1283 1143 ἵν’

173 1179 248 1269 inb
272 1180 436 1246 ἆλόιτεδον·
466 1176 565 1244 δεῖδὲ
589 1177 720 1241 δασόνειν
745 1174 779 1238 τὸ
803 1197 829 1238 α.
859 1172 1060 1257 Ἀριστόνικος
1082 1175 1116 1240 δὲ
1138 1174 1284 1262 ἐτυμολο-

172 1278 216 1368 ηέῖ
237 1285 271 1348 τὸ
296 1283 367 1364 ἄγαν
390 1279 553 1361 λειόπεδον,
584 1279 618 1344 τὸ
641 1275 716 1343 πάνυ
739 1281 815 1342 λεῖον
839 1279 965 1361 χωρίον·
999 1275 1054 1343 οόκ
1076 1275 1125 1342 τό·
1159 1280 1283 1365 ἢὰλά-
1343 1303 1345 1308 ’

173 1384 263 1450 πεδόν
285 1409 311 1448 τι
332 1381 364 1449 ’όν
387 1381 469 1468 παρὰ
490 1385 540 1474 τὴν
564 1381 624 1446 ἅλα
645 1379 746 1444 πέδον,
1352 1473 1354 1476 Ι

259 1486 310 1550 Ex
337 1484 477 1551 Scholiis
507 1485 688 1549 Homericis
719 1483 857 1566 exempli
887 1483 961 1546 loco
985 1482 1096 1563 affero,
1131 1505 1213 1568 quae
1243 1487 1284 1552 de

173 1610 254 1654 voce
287 1585 479 1672 ὀλοοίτροχος
508 1588 701 1651 adnotantur
731 1587 772 1648 ad
798 1587 885 1649 Iliad.
917 1610 941 1666 ν,
968 1588 1046 1650 137:
1080 1587 1283 1672 Δηρήτριοςὸ

172 1692 334 1775 γονυπεσὸς
364 1690 491 1771 δασόνει,
522 1685 555 1754 ἵν’
580 1684 601 1774 ᾗ
631 1687 701 1763 όλος
729 1690 903 1774 τροχοειδὴς
932 1677 982 1756 κἀὶ
1010 1690 1087 1756 κατὰ
1114 1700 1171 1756 πᾶν
1194 1690 1284 1776 μέρος

173 1795 356 1880 ἀστήρικτος,
378 1800 423 1878 τῷ
446 1791 480 1856 δὲ
501 1789 578 1878 τόνῳ
599 1790 643 1866 ὡς
664 1790 867 1877 κακότροπος·
890 1792 987 1868 οότιυς
1010 1794 1044 1859 δὲ
1060 1793 1284 1881 καὶἙρμαπίας

172 1897 221 1963 καὶ
243 1898 346 1970 Νικίας
369 1894 419 1960 καὶ
437 1891 593 1980 Ἀριστέας
615 1893 666 1960 καί
684 1888 895 1978 Ἀριστόνικος.
936 1898 1044 1981 Atque
1067 1898 1155 1981 qnod
1177 1900 1283 1982 suspi-

172 2022 239 2082 cor,
263 2002 343 2063 haec
359 1998 579 2077 Aristonicum
594 2000 627 2061 in
648 2018 687 2061 eo
706 1997 799 2078 libre,
817 2018 911 2080 quem
933 1999 974 2061 de
995 1997 1185 2062 Aristarcho
1197 2018 1283 2062 oom-

172 2103 291 2184 posuit,
312 2101 500 2183 protulisse,
535 2101 620 2163 idem
649 2097 858 2182 probabiliter
883 2100 915 2160 in
941 2098 1082 2182 Aristea,
1114 2101 1168 2183 qui
1193 2102 1288 2170 iuxta,

165 2213 451 2285 commemoratur,
475 2204 603 2286 accidit,
634 2223 730 2286 quem
753 2202 794 2264 de
816 2203 1004 2266 Aristarcho
1038 2205 1158 2286 pariter
1179 2207 1282 2288 scrip·

171 2311 255 2374 sisse
278 2316 416 2389 constat,
439 2308 467 2372 si
491 2306 619 2391 quidem
642 2305 715 2370 loco
739 2305 899 2369 obscurae
917 2304 1064 2370 lectionis
1080 2308 1166 2391 apud
1176 2307 1283 2372 Eroti·

170 2432 267 2476 anum
288 2409 410 2494 Expos.
432 2411 464 2473 in
491 2409 644 2492 Hippocr.
667 2432 697 2494 p.
718 2410 767 2471 12.
802 2408 914 2473 Franz.
936 2419 1025 2473 reete
1047 2410 1142 2476 huius
1164 2432 1283 2476 nomen

170 2531 229 2593 pro
258 2507 465 2595 Ἀριστοπέας,
500 2521 536 2575 ut
562 2513 712 2596 vulgatur
741 2511 869 2592 vitiose,
899 2513 1083 2576 restitutum
1110 2524 1170 2577 est.
1215 2512 1284 2578 Sed

170 2612 257 2676 aliud
280 2611 430 2695 quiddam
451 2610 553 2674 latere
581 2611 730 2694 arbitror,
762 2632 867 2695 neque
895 2634 956 2696 pro
987 2625 1076 2680 certo
1106 2615 1211 2689 habeo
1241 2637 1283 2680 an

168 2714 254 2776 idem
277 2713 424 2776 Aristeas
448 2714 490 2776 sit
512 2714 566 2796 qui
587 2712 704 2776 Athen.
728 2707 814 2775 XIII.¹
843 2735 875 2796 p.
899 2716 962 2778 623
985 2716 1024 2779 D.
1053 2712 1121 2800 περὶ
1142 2719 1282 2803 κιθαρῳ-

170 2819 231 2880 δῶν
254 2817 425 2898 scripsisse
448 2815 592 2879 traditur.
644 2814 770 2880 Certior
797 2817 857 2879 alia
888 2821 1075 2884 coniectura
1104 2820 1180 2883 mibi
1213 2821 1281 2903 qui·

169 2919 340 2983 demesso
373 2919 510 3001 videtur,
546 2922 599 3003 qui
622 2920 742 2985 Suidae
774 2942 804 2983 v.
824 2915 1042 3005 Ἐρατοσθένης
1071 2923 1168 2987 huius
1197 2925 1282 2988 inter

169 3022 346 3104 discipulos
370 3032 578 3086 recenseatur
592 3020 737 3107 Ἀριστις,
760 3023 856 3086 homo
880 3025 1007 3088 aliunde
1028 3045 1165 3108 prorsus
1188 3028 1281 3109 igno·

168 3133 231 3204 tus,
255 3119 287 3185 ln
310 3125 401 3186 cuius
425 3126 553 3188 nomIne
576 3125 771 3209 corrigendo
783 3127 872 3189 multi
885 3128 1085 3191 desudarunt
1106 3131 1150 3208 (v.
1163 3127 1281 3192 Nauck

167 3223 335 3305 Aristoph.
357 3244 488 3306 gramm.
511 3245 542 3307 p.
566 3226 612 3308 3),
635 3227 721 3290 hunc
743 3248 816 3292 cum
838 3227 978 3316 Ἀριστέᾳ
1000 3251 1100 3313 supra
1122 3232 1154 3292 in
1176 3228 1280 3293 Scho-

166 3323 216 3386 liis
239 3323 323 3386 Ven.
344 3337 595 3391 commemorato
624 3331 761 3392 eundem
784 3351 875 3415 esse,
909 3334 1044 3416 eiusque
1066 3353 1184 3397 nomen
1206 3331 1279 3397 sui-

167 3425 226 3489 dae
249 3427 475 3492 vindicandum
497 3451 581 3496 esse.
1248 3491 1253 3500 ·

251 3528 368 3591 Athen.
392 3529 413 3591 I.
438 3553 468 3613 p.
492 3534 543 3595 20.
566 3533 611 3597 D:
655 3542 754 3600 τοῦτον
776 3536 826 3602 τὸν
848 3535 1003 3602 Βάθυλλόν
1026 3560 1112 3620 φησιν
1136 3537 1277 3622 Ἀριστό-

164 3651 243 3703 νικος
265 3628 316 3695 καί
346 3630 493 3718 Πυλάδην.
517 3634 552 3700 οὗ
574 3634 635 3703 ἐστὶ
669 3636 720 3702 καί
743 3638 916 3723 σύγγραμμα
946 3636 1013 3722 περὶ
1036 3635 1204 3722 ὀρχήσεως,
1226 3641 1278 3724 την

165 3734 305 3815 Ἰταλικὴν
328 3733 451 3817 ὄρχησιν
476 3740 676 3820 συστήσασθαι
698 3738 733 3804 ἐκ
754 3751 806 3826 τῆς
828 3751 971 3826 κωμικῆς,
995 3740 1014 3825 ἢ
1043 3741 1176 3807 ἐκαλεῖτο
1198 3740 1277 3826 κόρ-

164 3839 228 3916 δαξ,
251 3835 374 3922 καὶτῆς
395 3850 544 3926 τραγικῆς,
574 3840 593 3926 ἢ
618 3841 750 3907 ἐκαλεῖτο
781 3842 927 3928 ἐμμέλεια,
961 3842 1085 3930 καὶτῆς
1108 3852 1276 3929 σατυρικῆς,

163 3936 182 4020 ἢ
207 3935 322 4020 ἐλέγετο
348 3942 514 4017 σίκιννις-
529 3943 574 4008 διὸ
596 3941 646 4007 καὶ
669 3944 695 4008 οἱ
719 3941 838 4030 σάτυροι
860 3948 1076 4011 σικιννισταί-
1095 3944 1132 4030 ἧς
1155 3945 1277 4029 εὑρετὴς

162 4039 291 4114 Σίκιννός
311 4067 354 4116 τις
376 4041 535 4130 βάρβαρος.
581 4048 661 4129 Quis
684 4046 737 4110 ille
767 4049 971 4114 AristonIcns
999 4050 1104 4131 luerit,
1128 4049 1172 4112 ait
1194 4047 1276 4111 diffi·
1366 4039 1368 4041 ’

163 4144 314 4208 cillimum
344 4166 419 4210 esse
443 4147 663 4214 demonstratu
693 4151 868 4216 Roulezius
898 4153 939 4217 ad
967 4151 1186 4216 Ptolemaeum
1209 4150 1274 4214 He-

161 4248 359 4332 phaestionis
382 4271 412 4333 p.
438 4251 510 4318 148.
546 4253 647 4318 Unum
671 4254 833 4320 indubium
853 4257 989 4338 videtur,
1015 4255 1273 4320 nihilcommunc
