<?xml version="1.0" encoding="UTF-8"?>
<!DOCTYPE html PUBLIC "-//W3C//DTD XHTML 1.0 Transitional//EN"
    "http://www.w3.org/TR/xhtml1/DTD/xhtml1-transitional.dtd">
<html xmlns="http://www.w3.org/1999/xhtml" xml:lang="en" lang="en">
 <head>
  <title>
</title>
<meta http-equiv="Content-Type" content="text/html;charset=utf-8" />
  <meta name='ocr-system' content='tesseract 3.04.00' />
  <meta name='ocr-capabilities' content='ocr_page ocr_carea ocr_par ocr_line ocrx_word'/>
</head>
<body>
  <div class='ocr_page' id='page_1' title='image "./anecdotumromanu00osangoog_0141.png"; bbox 0 0 2902 4822; ppageno 0'>
   <div class='ocr_carea' id='block_1_1' title="bbox 734 450 810 527">
    <p class='ocr_par' dir='ltr' id='par_1_1' title="bbox 734 450 810 527">
     <span class='ocr_line' id='line_1_1' title="bbox 734 450 810 527; baseline 0.039 -3"><span class='ocrx_word' id='word_1_1' title='bbox 734 450 810 527; x_wconf 79' lang='lat'>124</span> 
     </span>
    </p>
   </div>
   <div class='ocr_carea' id='block_1_2' title="bbox 216 639 1333 3842">
    <p class='ocr_par' dir='ltr' id='par_1_2' title="bbox 216 639 1332 2797">
     <span class='ocr_line' id='line_1_2' title="bbox 217 639 1330 726; baseline 0.002 -20"><span class='ocrx_word' id='word_1_2' title='bbox 217 649 292 723; x_wconf 83' lang='lat' dir='ltr'>stet,</span> <span class='ocrx_word' id='word_1_3' title='bbox 310 641 349 720; x_wconf 84' lang='lat'>¹¹)</span> <span class='ocrx_word' id='word_1_4' title='bbox 373 641 476 724; x_wconf 88' lang='lat' dir='ltr'>magis</span> <span class='ocrx_word' id='word_1_5' title='bbox 499 660 594 724; x_wconf 89' lang='lat' dir='ltr'>quam</span> <span class='ocrx_word' id='word_1_6' title='bbox 618 639 785 725; x_wconf 81' lang='lat' dir='ltr'>analogiae</span> <span class='ocrx_word' id='word_1_7' title='bbox 808 643 982 706; x_wconf 88' lang='lat' dir='ltr'>convenire</span> <span class='ocrx_word' id='word_1_8' title='bbox 995 643 1131 707; x_wconf 88' lang='lat' dir='ltr'>videtur.</span> <span class='ocrx_word' id='word_1_9' title='bbox 1162 641 1240 706; x_wconf 81' lang='lat' dir='ltr'>Tam</span> <span class='ocrx_word' id='word_1_10' title='bbox 1256 660 1330 726; x_wconf 83' lang='lat' dir='ltr'>spe·</span> 
     </span>
     <span class='ocr_line' id='line_1_3' title="bbox 217 741 1330 826; baseline 0.002 -20"><span class='ocrx_word' id='word_1_11' title='bbox 217 745 306 806; x_wconf 89' lang='lat' dir='ltr'>ciosa</span> <span class='ocrx_word' id='word_1_12' title='bbox 328 741 461 826; x_wconf 85' lang='lat' dir='ltr'>Bergkii</span> <span class='ocrx_word' id='word_1_13' title='bbox 477 744 544 806; x_wconf 86' lang='lat' dir='ltr'>ista</span> <span class='ocrx_word' id='word_1_14' title='bbox 578 745 812 825; x_wconf 72' lang='lat' dir='ltr'>argumentatio</span> <span class='ocrx_word' id='word_1_15' title='bbox 847 754 908 824; x_wconf 85' lang='lat' dir='ltr'>est,</span> <span class='ocrx_word' id='word_1_16' title='bbox 942 754 977 807; x_wconf 91' lang='lat' dir='ltr'>ut</span> <span class='ocrx_word' id='word_1_17' title='bbox 1009 744 1203 826; x_wconf 77' lang='lat' dir='ltr'><strong>imprudenti</strong></span> <span class='ocrx_word' id='word_1_18' title='bbox 1236 743 1330 808; x_wconf 85' lang='lat' dir='ltr'>facilc</span> 
     </span>
     <span class='ocr_line' id='line_1_4' title="bbox 217 844 1330 930; baseline 0 -21"><span class='ocrx_word' id='word_1_19' title='bbox 217 848 383 928; x_wconf 89' lang='lat' dir='ltr'>imponere</span> <span class='ocrx_word' id='word_1_20' title='bbox 405 848 518 928; x_wconf 79' lang='lat' dir='ltr'><strong>possit.</strong></span> <span class='ocrx_word' id='word_1_21' title='bbox 563 846 607 910; x_wconf 87' lang='lat' dir='ltr'>At</span> <span class='ocrx_word' id='word_1_22' title='bbox 634 866 731 930; x_wconf 90' lang='lat' dir='ltr'>quum</span> <span class='ocrx_word' id='word_1_23' title='bbox 762 857 926 929; x_wconf 79' lang='lat' dir='ltr'>appareat,</span> <span class='ocrx_word' id='word_1_24' title='bbox 963 865 1046 928; x_wconf 84' lang='lat' dir='ltr'>quae</span> <span class='ocrx_word' id='word_1_25' title='bbox 1075 846 1116 908; x_wconf 87' lang='lat' dir='ltr'>de</span> <span class='ocrx_word' id='word_1_26' title='bbox 1138 865 1201 908; x_wconf 92' lang='lat' dir='ltr'>usu</span> <span class='ocrx_word' id='word_1_27' title='bbox 1223 844 1330 909; x_wconf 83' lang='lat' dir='ltr'><strong>iliadis</strong></span> 
     </span>
     <span class='ocr_line' id='line_1_5' title="bbox 218 947 1330 1032; baseline 0.001 -20"><span class='ocrx_word' id='word_1_28' title='bbox 218 958 250 1012; x_wconf 90' lang='lat' dir='ltr'>et</span> <span class='ocrx_word' id='word_1_29' title='bbox 272 947 441 1032; x_wconf 87' lang='lat' dir='ltr'>Odysseae</span> <span class='ocrx_word' id='word_1_30' title='bbox 473 949 685 1014; x_wconf 86' lang='lat' dir='ltr'>ascholiasta</span> <span class='ocrx_word' id='word_1_31' title='bbox 710 950 905 1031; x_wconf 83' lang='lat' dir='ltr'>afferuntur,</span> <span class='ocrx_word' id='word_1_32' title='bbox 938 948 978 1011; x_wconf 91' lang='lat' dir='ltr'>ad</span> <span class='ocrx_word' id='word_1_33' title='bbox 1011 950 1233 1013; x_wconf 78' lang='lat' dir='ltr'>illustrandam</span> <span class='ocrx_word' id='word_1_34' title='bbox 1255 968 1330 1032; x_wconf 89' lang='lat' dir='ltr'>epa·</span> 
     </span>
     <span class='ocr_line' id='line_1_6' title="bbox 218 1053 1330 1136; baseline 0.001 -20"><span class='ocrx_word' id='word_1_35' title='bbox 218 1053 391 1135; x_wconf 89' lang='lat' dir='ltr'>nalepseos</span> <span class='ocrx_word' id='word_1_36' title='bbox 413 1054 558 1122; x_wconf 88' lang='lat' dir='ltr'>rationen</span> <span class='ocrx_word' id='word_1_37' title='bbox 582 1064 731 1136; x_wconf 88' lang='lat' dir='ltr'>spectare</span> <span class='ocrx_word' id='word_1_38' title='bbox 744 1055 848 1134; x_wconf 82' lang='lat' dir='ltr'>unice,</span> <span class='ocrx_word' id='word_1_39' title='bbox 872 1053 966 1117; x_wconf 89' lang='lat' dir='ltr'>huius</span> <span class='ocrx_word' id='word_1_40' title='bbox 986 1053 1026 1115; x_wconf 92' lang='lat' dir='ltr'>ad</span> <span class='ocrx_word' id='word_1_41' title='bbox 1041 1072 1181 1116; x_wconf 92' lang='lat' dir='ltr'>normam</span> <span class='ocrx_word' id='word_1_42' title='bbox 1195 1073 1330 1117; x_wconf 88' lang='lat' dir='ltr'>necesse</span> 
     </span>
     <span class='ocr_line' id='line_1_7' title="bbox 218 1153 1331 1240; baseline 0.001 -21"><span class='ocrx_word' id='word_1_43' title='bbox 218 1164 269 1219; x_wconf 88' lang='lat' dir='ltr'>est</span> <span class='ocrx_word' id='word_1_44' title='bbox 291 1157 506 1237; x_wconf 87' lang='lat' dir='ltr'>compositum</span> <span class='ocrx_word' id='word_1_45' title='bbox 531 1158 574 1218; x_wconf 87' lang='lat' dir='ltr'>sit</span> <span class='ocrx_word' id='word_1_46' title='bbox 597 1157 684 1240; x_wconf 89' lang='lat' dir='ltr'>quod</span> <span class='ocrx_word' id='word_1_47' title='bbox 708 1176 748 1218; x_wconf 88' lang='lat' dir='ltr'>ex</span> <span class='ocrx_word' id='word_1_48' title='bbox 771 1153 919 1239; x_wconf 87' lang='lat' dir='ltr'>Odyssea</span> <span class='ocrx_word' id='word_1_49' title='bbox 946 1153 1116 1217; x_wconf 79' lang='lat' dir='ltr'>adducitur</span> <span class='ocrx_word' id='word_1_50' title='bbox 1137 1154 1331 1237; x_wconf 81' lang='lat' dir='ltr'>exemplum.</span> 
     </span>
     <span class='ocr_line' id='line_1_8' title="bbox 216 1255 1332 1344; baseline 0 -24"><span class='ocrx_word' id='word_1_51' title='bbox 216 1255 301 1320; x_wconf 86' lang='lat' dir='ltr'>Nihil</span> <span class='ocrx_word' id='word_1_52' title='bbox 327 1259 409 1325; x_wconf 91' lang='lat' dir='ltr'>enim</span> <span class='ocrx_word' id='word_1_53' title='bbox 432 1260 538 1343; x_wconf 86' lang='lat' dir='ltr'>agitur</span> <span class='ocrx_word' id='word_1_54' title='bbox 561 1260 656 1341; x_wconf 85' lang='lat' dir='ltr'>aliud,</span> <span class='ocrx_word' id='word_1_55' title='bbox 681 1281 776 1344; x_wconf 89' lang='lat' dir='ltr'>quam</span> <span class='ocrx_word' id='word_1_56' title='bbox 800 1258 912 1322; x_wconf 88' lang='lat' dir='ltr'>utillo</span> <span class='ocrx_word' id='word_1_57' title='bbox 936 1258 1041 1321; x_wconf 87' lang='lat' dir='ltr'>lliadis</span> <span class='ocrx_word' id='word_1_58' title='bbox 1064 1258 1138 1321; x_wconf 86' lang='lat' dir='ltr'>loco</span> <span class='ocrx_word' id='word_1_59' title='bbox 1167 1257 1255 1340; x_wconf 91' lang='lat' dir='ltr'>dipla</span> <span class='ocrx_word' id='word_1_60' title='bbox 1276 1276 1332 1340; x_wconf 89' lang='lat' dir='ltr'>ap·</span> 
     </span>
     <span class='ocr_line' id='line_1_9' title="bbox 216 1347 1330 1454; baseline -0.001 -30"><span class='ocrx_word' id='word_1_61' title='bbox 216 1347 323 1444; x_wconf 78' lang='lat' dir='ltr'>posita</span> <span class='ocrx_word' id='word_1_62' title='bbox 339 1364 465 1426; x_wconf 81' lang='lat' dir='ltr'>iteratio</span> <span class='ocrx_word' id='word_1_63' title='bbox 485 1363 629 1427; x_wconf 90' lang='lat' dir='ltr'>eiusdem</span> <span class='ocrx_word' id='word_1_64' title='bbox 649 1364 797 1446; x_wconf 83' lang='lat' dir='ltr'>nominis,</span> <span class='ocrx_word' id='word_1_65' title='bbox 821 1363 959 1445; x_wconf 82' lang='grc' dir='ltr'>Σίσυφος,</span> <span class='ocrx_word' id='word_1_66' title='bbox 985 1363 1173 1446; x_wconf 87' lang='lat' dir='ltr'>simpliciter</span> <span class='ocrx_word' id='word_1_67' title='bbox 1190 1370 1330 1454; x_wconf 67' lang='lat' dir='ltr'>notetur,</span> 
     </span>
     <span class='ocr_line' id='line_1_10' title="bbox 217 1459 1331 1549; baseline 0 -21"><span class='ocrx_word' id='word_1_68' title='bbox 217 1466 347 1535; x_wconf 84' lang='lat' dir='ltr'>minime</span> <span class='ocrx_word' id='word_1_69' title='bbox 370 1467 514 1529; x_wconf 88' lang='lat' dir='ltr'>eiusdem</span> <span class='ocrx_word' id='word_1_70' title='bbox 538 1468 675 1531; x_wconf 90' lang='lat' dir='ltr'>nominis</span> <span class='ocrx_word' id='word_1_71' title='bbox 699 1489 795 1531; x_wconf 91' lang='lat' dir='ltr'>casus</span> <span class='ocrx_word' id='word_1_72' title='bbox 815 1478 966 1546; x_wconf 87' lang='lat' dir='ltr'>mutatus,</span> <span class='ocrx_word' id='word_1_73' title='bbox 990 1468 1032 1529; x_wconf 90' lang='lat' dir='ltr'>ita</span> <span class='ocrx_word' id='word_1_74' title='bbox 1050 1477 1085 1530; x_wconf 91' lang='lat' dir='ltr'>ut</span> <span class='ocrx_word' id='word_1_75' title='bbox 1108 1485 1206 1549; x_wconf 89' lang='lat' dir='ltr'>quum</span> <span class='ocrx_word' id='word_1_76' title='bbox 1224 1459 1331 1528; x_wconf 75' lang='lat' dir='ltr'>Attu-</span> 
     </span>
     <span class='ocr_line' id='line_1_11' title="bbox 217 1567 1330 1655; baseline -0.002 -23"><span class='ocrx_word' id='word_1_77' title='bbox 217 1591 271 1644; x_wconf 85' lang='grc' dir='ltr'>τες</span> <span class='ocrx_word' id='word_1_78' title='bbox 294 1589 335 1633; x_wconf 90' lang='lat' dir='ltr'>ex</span> <span class='ocrx_word' id='word_1_79' title='bbox 358 1570 507 1655; x_wconf 82' lang='lat' dir='ltr'>Odyssea</span> <span class='ocrx_word' id='word_1_80' title='bbox 532 1573 700 1653; x_wconf 85' lang='lat' dir='ltr'>excitatur,</span> <span class='ocrx_word' id='word_1_81' title='bbox 731 1592 827 1634; x_wconf 89' lang='lat' dir='ltr'>casus</span> <span class='ocrx_word' id='word_1_82' title='bbox 850 1571 983 1632; x_wconf 88' lang='lat' dir='ltr'>mutatio</span> <span class='ocrx_word' id='word_1_83' title='bbox 1016 1590 1074 1653; x_wconf 89' lang='lat' dir='ltr'>per</span> <span class='ocrx_word' id='word_1_84' title='bbox 1096 1589 1133 1632; x_wconf 91' lang='lat' dir='ltr'>se</span> <span class='ocrx_word' id='word_1_85' title='bbox 1155 1567 1330 1651; x_wconf 87' lang='lat' dir='ltr'>spectanda</span> 
     </span>
     <span class='ocr_line' id='line_1_12' title="bbox 218 1673 1332 1760; baseline -0.001 -23"><span class='ocrx_word' id='word_1_86' title='bbox 218 1675 270 1756; x_wconf 85' lang='lat' dir='ltr'>sit,</span> <span class='ocrx_word' id='word_1_87' title='bbox 295 1684 328 1738; x_wconf 91' lang='lat' dir='ltr'>ut</span> <span class='ocrx_word' id='word_1_88' title='bbox 353 1694 532 1760; x_wconf 86' lang='lat' dir='ltr'>quaecum</span> <span class='ocrx_word' id='word_1_89' title='bbox 560 1676 745 1759; x_wconf 89' lang='lat' dir='ltr'>epanalepsi</span> <span class='ocrx_word' id='word_1_90' title='bbox 770 1675 846 1738; x_wconf 90' lang='lat' dir='ltr'>nihil</span> <span class='ocrx_word' id='word_1_91' title='bbox 870 1674 987 1738; x_wconf 89' lang='lat' dir='ltr'>habeat</span> <span class='ocrx_word' id='word_1_92' title='bbox 1009 1693 1189 1738; x_wconf 86' lang='lat' dir='ltr'>commune.</span> <span class='ocrx_word' id='word_1_93' title='bbox 1222 1673 1332 1759; x_wconf 80' lang='lat' dir='ltr'>Atque</span> 
     </span>
     <span class='ocr_line' id='line_1_13' title="bbox 217 1775 1331 1863; baseline 0.002 -25"><span class='ocrx_word' id='word_1_94' title='bbox 217 1776 301 1840; x_wconf 88' lang='lat' dir='ltr'>hanc</span> <span class='ocrx_word' id='word_1_95' title='bbox 322 1777 446 1861; x_wconf 84' lang='lat' dir='ltr'>figurae</span> <span class='ocrx_word' id='word_1_96' title='bbox 466 1779 532 1841; x_wconf 83' lang='lat' dir='ltr'>vim</span> <span class='ocrx_word' id='word_1_97' title='bbox 555 1781 649 1841; x_wconf 89' lang='lat' dir='ltr'>etiam</span> <span class='ocrx_word' id='word_1_98' title='bbox 681 1779 819 1842; x_wconf 87' lang='lat' dir='ltr'>technici</span> <span class='ocrx_word' id='word_1_99' title='bbox 850 1780 949 1841; x_wconf 88' lang='lat' dir='ltr'>ceteri</span> <span class='ocrx_word' id='word_1_100' title='bbox 980 1787 1197 1863; x_wconf 85' lang='lat' dir='ltr'>agnoverunt,</span> <span class='ocrx_word' id='word_1_101' title='bbox 1231 1775 1331 1842; x_wconf 88' lang='lat' dir='ltr'>veluti</span> 
     </span>
     <span class='ocr_line' id='line_1_14' title="bbox 217 1875 1332 1964; baseline 0.003 -24"><span class='ocrx_word' id='word_1_102' title='bbox 217 1875 367 1942; x_wconf 79' lang='lat' dir='ltr'>&#39;liberius</span> <span class='ocrx_word' id='word_1_103' title='bbox 402 1880 441 1942; x_wconf 92' lang='lat' dir='ltr'>de</span> <span class='ocrx_word' id='word_1_104' title='bbox 474 1881 526 1964; x_wconf 88' lang='lat' dir='ltr'>lig</span> <span class='ocrx_word' id='word_1_105' title='bbox 556 1881 607 1943; x_wconf 76' lang='lat'>26.</span> <span class='ocrx_word' id='word_1_106' title='bbox 639 1902 670 1963; x_wconf 89' lang='lat' dir='ltr'>p.</span> <span class='ocrx_word' id='word_1_107' title='bbox 700 1882 751 1944; x_wconf 85' lang='lat'>43.</span> <span class='ocrx_word' id='word_1_108' title='bbox 777 1881 925 1945; x_wconf 89' lang='lat' dir='ltr'>Boisscn</span> <span class='ocrx_word' id='word_1_109' title='bbox 967 1875 1236 1964; x_wconf 77' lang='grc' dir='ltr'>Ετανάληψιςδέ</span> <span class='ocrx_word' id='word_1_110' title='bbox 1258 1876 1332 1944; x_wconf 77' lang='grc' dir='ltr'>ἐστιν</span> 
     </span>
     <span class='ocr_line' id='line_1_15' title="bbox 218 1978 1333 2110; baseline 0.002 -65"><span class='ocrx_word' id='word_1_111' title='bbox 218 1978 285 2046; x_wconf 81' lang='grc' dir='ltr'>ὅταν</span> <span class='ocrx_word' id='word_1_112' title='bbox 307 1981 341 2047; x_wconf 86' lang='grc' dir='ltr'>τὸ</span> <span class='ocrx_word' id='word_1_113' title='bbox 365 1980 438 2047; x_wconf 75' lang='grc' dir='ltr'>αὐτὸ</span> <span class='ocrx_word' id='word_1_114' title='bbox 461 1983 554 2067; x_wconf 80' lang='grc' dir='ltr'>ὄνομα</span> <span class='ocrx_word' id='word_1_115' title='bbox 577 1983 622 2058; x_wconf 86' lang='grc' dir='ltr'>δὶς</span> <span class='ocrx_word' id='word_1_116' title='bbox 652 1981 748 2070; x_wconf 77' lang='grc' dir='ltr'>ἐντῷ</span> <span class='ocrx_word' id='word_1_117' title='bbox 770 1982 853 2070; x_wconf 78' lang='grc' dir='ltr'>αι’ντῳ</span> <span class='ocrx_word' id='word_1_118' title='bbox 883 1989 963 2072; x_wconf 72' lang='grc' dir='ltr'>κοιλῇ</span> <span class='ocrx_word' id='word_1_119' title='bbox 993 1985 1081 2070; x_wconf 88' lang='lat' dir='ltr'>[lege</span> <span class='ocrx_word' id='word_1_120' title='bbox 1111 1981 1221 2110; x_wconf 66' lang='grc' dir='ltr'>κώλμμ]</span> <span class='ocrx_word' id='word_1_121' title='bbox 1254 1980 1333 2067; x_wconf 75' lang='grc' dir='ltr'>ἢτῇ</span> 
     </span>
     <span class='ocr_line' id='line_1_16' title="bbox 217 2082 1331 2174; baseline 0.001 -26"><span class='ocrx_word' id='word_1_122' title='bbox 217 2082 293 2170; x_wconf 77' lang='grc' dir='ltr'>αὐτῇ</span> <span class='ocrx_word' id='word_1_123' title='bbox 319 2085 460 2174; x_wconf 83' lang='grc' dir='ltr'>περιόδῳ,</span> <span class='ocrx_word' id='word_1_124' title='bbox 491 2084 568 2153; x_wconf 82' lang='grc' dir='ltr'>κατὰ</span> <span class='ocrx_word' id='word_1_125' title='bbox 595 2097 648 2154; x_wconf 81' lang='grc' dir='ltr'>τοῦ</span> <span class='ocrx_word' id='word_1_126' title='bbox 680 2087 769 2154; x_wconf 77' lang='grc' dir='ltr'>αὐτοῦ</span> <span class='ocrx_word' id='word_1_127' title='bbox 797 2090 918 2172; x_wconf 82' lang='grc' dir='ltr'>σημείου</span> <span class='ocrx_word' id='word_1_128' title='bbox 940 2086 1129 2172; x_wconf 73' lang='grc' dir='ltr'>τεταγμένον·</span> <span class='ocrx_word' id='word_1_129' title='bbox 1160 2084 1236 2167; x_wconf 84' lang='grc' dir='ltr'>οἷον,</span> <span class='ocrx_word' id='word_1_130' title='bbox 1274 2082 1331 2166; x_wconf 76' lang='lat' dir='ltr'>„od</span> 
     </span>
     <span class='ocr_line' id='line_1_17' title="bbox 217 2188 1332 2277; baseline -0.001 -23"><span class='ocrx_word' id='word_1_131' title='bbox 217 2188 306 2274; x_wconf 88' lang='grc' dir='ltr'>μόνον</span> <span class='ocrx_word' id='word_1_132' title='bbox 327 2193 440 2275; x_wconf 80' lang='grc' dir='ltr'>κρίνετε</span> <span class='ocrx_word' id='word_1_133' title='bbox 461 2192 581 2266; x_wconf 84' lang='grc' dir='ltr'>τούτους</span> <span class='ocrx_word' id='word_1_134' title='bbox 613 2193 747 2277; x_wconf 81' lang='grc' dir='ltr'>τήμερον,</span> <span class='ocrx_word' id='word_1_135' title='bbox 772 2191 838 2256; x_wconf 80' lang='lat'>0&#39;6.“</span> <span class='ocrx_word' id='word_1_136' title='bbox 883 2191 939 2258; x_wconf 84' lang='grc' dir='ltr'>Καὶ</span> <span class='ocrx_word' id='word_1_137' title='bbox 961 2191 1065 2257; x_wconf 77' lang='grc' dir='ltr'>πάλιν·</span> <span class='ocrx_word' id='word_1_138' title='bbox 1099 2192 1214 2272; x_wconf 63' lang='grc' dir='ltr'>,καίτοι</span> <span class='ocrx_word' id='word_1_139' title='bbox 1235 2189 1332 2273; x_wconf 78' lang='grc' dir='ltr'>φιλίαν</span> 
     </span>
     <span class='ocr_line' id='line_1_18' title="bbox 217 2290 1331 2381; baseline 0 -23"><span class='ocrx_word' id='word_1_140' title='bbox 217 2291 306 2378; x_wconf 81' lang='grc' dir='ltr'>αι’ντὴν</span> <span class='ocrx_word' id='word_1_141' title='bbox 337 2292 483 2381; x_wconf 78' lang='grc' dir='ltr'>ὀνομάζει,</span> <span class='ocrx_word' id='word_1_142' title='bbox 515 2295 565 2362; x_wconf 87' lang='grc' dir='ltr'>καὶ</span> <span class='ocrx_word' id='word_1_143' title='bbox 598 2304 645 2362; x_wconf 80' lang='grc' dir='ltr'>νῦν</span> <span class='ocrx_word' id='word_1_144' title='bbox 662 2293 745 2362; x_wconf 67' lang='lat' dir='ltr'>elul</span> <span class='ocrx_word' id='word_1_145' title='bbox 776 2321 833 2362; x_wconf 87' lang='grc' dir='ltr'>που</span> <span class='ocrx_word' id='word_1_146' title='bbox 865 2295 978 2380; x_wconf 78' lang='grc' dir='ltr'>λέγων,</span> <span class='ocrx_word' id='word_1_147' title='bbox 1006 2295 1023 2361; x_wconf 86' lang='grc' dir='ltr'>ὁ</span> <span class='ocrx_word' id='word_1_148' title='bbox 1052 2297 1102 2380; x_wconf 77' lang='grc' dir='ltr'>τὴν</span> <span class='ocrx_word' id='word_1_149' title='bbox 1128 2290 1331 2378; x_wconf 75' lang='grc' dir='ltr'>Ἀλεξάνδρον</span> 
     </span>
     <span class='ocr_line' id='line_1_19' title="bbox 219 2397 1330 2487; baseline -0.003 -23"><span class='ocrx_word' id='word_1_150' title='bbox 219 2400 312 2473; x_wconf 76' lang='grc' dir='ltr'>ξενίαν</span> <span class='ocrx_word' id='word_1_151' title='bbox 333 2397 482 2477; x_wconf 78' lang='grc' dir='ltr'>ὀνειδίζων</span> <span class='ocrx_word' id='word_1_152' title='bbox 505 2399 579 2487; x_wconf 76' lang='grc' dir='ltr'>ἐμοί.</span> <span class='ocrx_word' id='word_1_153' title='bbox 609 2398 690 2484; x_wconf 80' lang='grc' dir='ltr'>Ἐγώ</span> <span class='ocrx_word' id='word_1_154' title='bbox 714 2426 760 2467; x_wconf 93' lang='grc' dir='ltr'>σοι</span> <span class='ocrx_word' id='word_1_155' title='bbox 782 2403 879 2485; x_wconf 82' lang='grc' dir='ltr'>φιλίαν</span> <span class='ocrx_word' id='word_1_156' title='bbox 888 2397 1119 2485; x_wconf 74' lang='grc' dir='ltr'>Ἀλεξάνδρου.“</span> <span class='ocrx_word' id='word_1_157' title='bbox 1151 2399 1330 2464; x_wconf 81' lang='lat' dir='ltr'>Tumidem</span> 
     </span>
     <span class='ocr_line' id='line_1_20' title="bbox 219 2492 1329 2588; baseline 0 -23"><span class='ocrx_word' id='word_1_158' title='bbox 219 2503 316 2584; x_wconf 86' lang='lat' dir='ltr'>paulo</span> <span class='ocrx_word' id='word_1_159' title='bbox 340 2515 415 2587; x_wconf 90' lang='lat' dir='ltr'>post</span> <span class='ocrx_word' id='word_1_160' title='bbox 438 2506 478 2568; x_wconf 92' lang='lat' dir='ltr'>de</span> <span class='ocrx_word' id='word_1_161' title='bbox 500 2507 574 2587; x_wconf 93' lang='lat' dir='ltr'>ipso</span> <span class='ocrx_word' id='word_1_162' title='bbox 597 2526 658 2568; x_wconf 93' lang='lat' dir='ltr'>usu</span> <span class='ocrx_word' id='word_1_163' title='bbox 681 2504 874 2569; x_wconf 85' lang='lat' dir='ltr'>Homerico:</span> <span class='ocrx_word' id='word_1_164' title='bbox 911 2504 948 2570; x_wconf 86' lang='lat' dir='ltr'>Oi</span> <span class='ocrx_word' id='word_1_165' title='bbox 966 2502 1016 2588; x_wconf 79' lang='grc' dir='ltr'>μέν</span> <span class='ocrx_word' id='word_1_166' title='bbox 1036 2501 1085 2569; x_wconf 82' lang='grc' dir='ltr'>οὖν</span> <span class='ocrx_word' id='word_1_167' title='bbox 1105 2492 1329 2577; x_wconf 72' lang='grc' dir='ltr'>τολιτινιοὶτιοά</span> 
     </span>
     <span class='ocr_line' id='line_1_21' title="bbox 219 2601 1330 2695; baseline -0.002 -25"><span class='ocrx_word' id='word_1_168' title='bbox 219 2602 318 2691; x_wconf 75' lang='grc' dir='ltr'>ἀρχῆς</span> <span class='ocrx_word' id='word_1_169' title='bbox 347 2616 477 2690; x_wconf 85' lang='grc' dir='ltr'>χρῶνται</span> <span class='ocrx_word' id='word_1_170' title='bbox 505 2617 569 2682; x_wconf 83' lang='grc' dir='ltr'>ταῖς</span> <span class='ocrx_word' id='word_1_171' title='bbox 590 2604 753 2693; x_wconf 81' lang='grc' dir='ltr'>διναλήψεσι</span> <span class='ocrx_word' id='word_1_172' title='bbox 785 2607 836 2673; x_wconf 85' lang='grc' dir='ltr'>καὶ</span> <span class='ocrx_word' id='word_1_173' title='bbox 865 2618 901 2695; x_wconf 73' lang='grc' dir='ltr'>τῇ</span> <span class='ocrx_word' id='word_1_174' title='bbox 934 2608 1119 2694; x_wconf 80' lang='grc' dir='ltr'>ταλιλλοηίᾳ,</span> <span class='ocrx_word' id='word_1_175' title='bbox 1134 2605 1275 2690; x_wconf 83' lang='grc' dir='ltr'>Ὅμηρος</span> <span class='ocrx_word' id='word_1_176' title='bbox 1295 2601 1330 2668; x_wconf 81' lang='grc' dir='ltr'>δὲ</span> 
     </span>
     <span class='ocr_line' id='line_1_22' title="bbox 219 2708 1013 2797; baseline 0.001 -22"><span class='ocrx_word' id='word_1_177' title='bbox 219 2709 269 2775; x_wconf 82' lang='grc' dir='ltr'>καὶ</span> <span class='ocrx_word' id='word_1_178' title='bbox 292 2708 340 2774; x_wconf 75' lang='grc' dir='ltr'>ἐπὶ</span> <span class='ocrx_word' id='word_1_179' title='bbox 360 2709 436 2776; x_wconf 78' lang='grc' dir='ltr'>τέλει</span> <span class='ocrx_word' id='word_1_180' title='bbox 458 2710 607 2797; x_wconf 79' lang='grc' dir='ltr'>ἐχρήσατο</span> <span class='ocrx_word' id='word_1_181' title='bbox 630 2710 719 2777; x_wconf 82' lang='grc' dir='ltr'>εἰπών</span> <span class='ocrx_word' id='word_1_182' title='bbox 743 2711 844 2797; x_wconf 91' lang='lat' dir='ltr'>[lliad.</span> <span class='ocrx_word' id='word_1_183' title='bbox 865 2738 892 2794; x_wconf 95' lang='grc' dir='ltr'>υ,</span> <span class='ocrx_word' id='word_1_184' title='bbox 915 2712 1013 2797; x_wconf 80' lang='lat'>371]·</span> 
     </span>
    </p>

    <p class='ocr_par' dir='ltr' id='par_1_3' title="bbox 323 2810 1189 2902">
     <span class='ocr_line' id='line_1_23' title="bbox 323 2810 1189 2902; baseline 0.002 -24"><span class='ocrx_word' id='word_1_185' title='bbox 323 2818 386 2880; x_wconf 76' lang='lat' dir='ltr'>Tati</span> <span class='ocrx_word' id='word_1_186' title='bbox 407 2810 432 2881; x_wconf 81' lang='grc' dir='ltr'>δ’</span> <span class='ocrx_word' id='word_1_187' title='bbox 456 2814 516 2898; x_wconf 78' lang='grc' dir='ltr'>ἐγὼ</span> <span class='ocrx_word' id='word_1_188' title='bbox 539 2814 635 2891; x_wconf 82' lang='grc' dir='ltr'>ἀντίος</span> <span class='ocrx_word' id='word_1_189' title='bbox 657 2813 726 2902; x_wconf 83' lang='grc' dir='ltr'>εἶμι,</span> <span class='ocrx_word' id='word_1_190' title='bbox 749 2816 800 2883; x_wconf 85' lang='grc' dir='ltr'>καὶ</span> <span class='ocrx_word' id='word_1_191' title='bbox 819 2815 843 2882; x_wconf 81' lang='grc' dir='ltr'>εἰ</span> <span class='ocrx_word' id='word_1_192' title='bbox 865 2816 935 2902; x_wconf 85' lang='grc' dir='ltr'>πυρὶ</span> <span class='ocrx_word' id='word_1_193' title='bbox 957 2826 1060 2901; x_wconf 75' lang='grc' dir='ltr'>χεῖρας</span> <span class='ocrx_word' id='word_1_194' title='bbox 1081 2817 1189 2896; x_wconf 75' lang='grc' dir='ltr'>ἔοικεν,</span> 
     </span>
    </p>

    <p class='ocr_par' dir='ltr' id='par_1_4' title="bbox 219 2915 1332 3420">
     <span class='ocr_line' id='line_1_24' title="bbox 323 2915 1105 3005; baseline 0 -23"><span class='ocrx_word' id='word_1_195' title='bbox 323 2915 347 2982; x_wconf 83' lang='grc' dir='ltr'>εἰ</span> <span class='ocrx_word' id='word_1_196' title='bbox 368 2917 438 3003; x_wconf 84' lang='grc' dir='ltr'>πυρί</span> <span class='ocrx_word' id='word_1_197' title='bbox 459 2929 562 3003; x_wconf 83' lang='grc' dir='ltr'>χεῖρας</span> <span class='ocrx_word' id='word_1_198' title='bbox 583 2922 673 3002; x_wconf 80' lang='grc' dir='ltr'>ἔοικε,</span> <span class='ocrx_word' id='word_1_199' title='bbox 696 2919 783 3005; x_wconf 77' lang='grc' dir='ltr'>μένος</span> <span class='ocrx_word' id='word_1_200' title='bbox 804 2915 831 2984; x_wconf 81' lang='grc' dir='ltr'>δ’</span> <span class='ocrx_word' id='word_1_201' title='bbox 854 2919 960 2986; x_wconf 74' lang='lat' dir='ltr'>aiilon</span> <span class='ocrx_word' id='word_1_202' title='bbox 982 2920 1105 3004; x_wconf 79' lang='grc' dir='ltr'>σιδήριυ.</span> 
     </span>
     <span class='ocr_line' id='line_1_25' title="bbox 220 3021 1329 3108; baseline -0.003 -21"><span class='ocrx_word' id='word_1_203' title='bbox 220 3023 311 3104; x_wconf 84' lang='lat' dir='ltr'>Quae</span> <span class='ocrx_word' id='word_1_204' title='bbox 343 3026 594 3108; x_wconf 91' lang='lat' dir='ltr'>comprobantur</span> <span class='ocrx_word' id='word_1_205' title='bbox 626 3027 698 3108; x_wconf 90' lang='lat' dir='ltr'>ipso</span> <span class='ocrx_word' id='word_1_206' title='bbox 730 3027 843 3091; x_wconf 91' lang='lat' dir='ltr'>codice</span> <span class='ocrx_word' id='word_1_207' title='bbox 866 3023 1002 3105; x_wconf 83' lang='lat' dir='ltr'>Veneto,</span> <span class='ocrx_word' id='word_1_208' title='bbox 1033 3023 1086 3086; x_wconf 89' lang='lat' dir='ltr'>ubi</span> <span class='ocrx_word' id='word_1_209' title='bbox 1111 3021 1221 3085; x_wconf 86' lang='lat' dir='ltr'>versui</span> <span class='ocrx_word' id='word_1_210' title='bbox 1245 3021 1329 3106; x_wconf 91' lang='lat' dir='ltr'>dipla</span> 
     </span>
     <span class='ocr_line' id='line_1_26' title="bbox 219 3119 1332 3213; baseline -0.002 -24"><span class='ocrx_word' id='word_1_211' title='bbox 219 3128 345 3210; x_wconf 90' lang='lat' dir='ltr'>appicta</span> <span class='ocrx_word' id='word_1_212' title='bbox 369 3139 420 3192; x_wconf 90' lang='lat' dir='ltr'>est</span> <span class='ocrx_word' id='word_1_213' title='bbox 442 3149 514 3192; x_wconf 91' lang='lat' dir='ltr'>cnm</span> <span class='ocrx_word' id='word_1_214' title='bbox 539 3129 599 3193; x_wconf 88' lang='lat' dir='ltr'>hac</span> <span class='ocrx_word' id='word_1_215' title='bbox 621 3130 846 3193; x_wconf 88' lang='lat' dir='ltr'>adnotatione:</span> <span class='ocrx_word' id='word_1_216' title='bbox 880 3128 958 3213; x_wconf 81' lang='grc' dir='ltr'>πρὸς</span> <span class='ocrx_word' id='word_1_217' title='bbox 988 3126 1039 3211; x_wconf 78' lang='grc' dir='ltr'>τὴν</span> <span class='ocrx_word' id='word_1_218' title='bbox 1062 3121 1256 3209; x_wconf 78' lang='grc' dir='ltr'>ἐπανάληψιν,</span> <span class='ocrx_word' id='word_1_219' title='bbox 1286 3119 1332 3188; x_wconf 80' lang='grc' dir='ltr'>ὅτι</span> 
     </span>
     <span class='ocr_line' id='line_1_27' title="bbox 219 3225 1330 3322; baseline 0.001 -28"><span class='ocrx_word' id='word_1_220' title='bbox 219 3229 249 3294; x_wconf 80' lang='grc' dir='ltr'>ἐν</span> <span class='ocrx_word' id='word_1_221' title='bbox 267 3225 371 3296; x_wconf 84' lang='grc' dir='ltr'>Ἰλιάδι</span> <span class='ocrx_word' id='word_1_222' title='bbox 405 3242 548 3316; x_wconf 86' lang='grc' dir='ltr'>συνεχῶς,</span> <span class='ocrx_word' id='word_1_223' title='bbox 583 3231 612 3297; x_wconf 83' lang='grc' dir='ltr'>ἐν</span> <span class='ocrx_word' id='word_1_224' title='bbox 645 3233 680 3298; x_wconf 80' lang='grc' dir='ltr'>δὲ</span> <span class='ocrx_word' id='word_1_225' title='bbox 709 3229 875 3322; x_wconf 76' lang='grc' dir='ltr'>Ὀδυσσείᾳ</span> <span class='ocrx_word' id='word_1_226' title='bbox 905 3235 996 3307; x_wconf 75' lang='grc' dir='ltr'><strong>ἅπαξ.</strong></span> <span class='ocrx_word' id='word_1_227' title='bbox 1040 3232 1208 3297; x_wconf 87' lang='lat' dir='ltr'>Addamus</span> <span class='ocrx_word' id='word_1_228' title='bbox 1243 3231 1330 3296; x_wconf 90' lang='lat' dir='ltr'>aliud</span> 
     </span>
     <span class='ocr_line' id='line_1_28' title="bbox 219 3335 1280 3420; baseline 0.006 -23"><span class='ocrx_word' id='word_1_229' title='bbox 219 3335 365 3399; x_wconf 87' lang='lat' dir='ltr'>eiusdem</span> <span class='ocrx_word' id='word_1_230' title='bbox 388 3356 467 3401; x_wconf 84' lang='lat' dir='ltr'>usus</span> <span class='ocrx_word' id='word_1_231' title='bbox 492 3337 673 3420; x_wconf 89' lang='lat' dir='ltr'>exemplum</span> <span class='ocrx_word' id='word_1_232' title='bbox 697 3358 738 3401; x_wconf 87' lang='lat' dir='ltr'>ex</span> <span class='ocrx_word' id='word_1_233' title='bbox 759 3337 865 3401; x_wconf 89' lang='lat' dir='ltr'>lliadis</span> <span class='ocrx_word' id='word_1_234' title='bbox 889 3338 916 3418; x_wconf 85' lang='grc' dir='ltr'>β,</span> <span class='ocrx_word' id='word_1_235' title='bbox 939 3339 1018 3401; x_wconf 81' lang='grc' dir='ltr'>87οι</span> <span class='ocrx_word' id='word_1_236' title='bbox 1276 3362 1280 3367; x_wconf 96' lang='grc'><strong><em>·</em></strong></span> 
     </span>
    </p>

    <p class='ocr_par' dir='ltr' id='par_1_5' title="bbox 320 3435 1155 3526">
     <span class='ocr_line' id='line_1_29' title="bbox 320 3435 1155 3526; baseline -0.002 -22"><span class='ocrx_word' id='word_1_237' title='bbox 320 3449 380 3504; x_wconf 83' lang='grc' dir='ltr'>τῶν</span> <span class='ocrx_word' id='word_1_238' title='bbox 402 3439 453 3524; x_wconf 79' lang='grc' dir='ltr'>μὲν</span> <span class='ocrx_word' id='word_1_239' title='bbox 476 3435 522 3525; x_wconf 80' lang='grc' dir='ltr'>ἄρ’</span> <span class='ocrx_word' id='word_1_240' title='bbox 542 3435 735 3526; x_wconf 85' lang='grc' dir='ltr'>Ἀμφίμαχος</span> <span class='ocrx_word' id='word_1_241' title='bbox 756 3441 807 3506; x_wconf 82' lang='grc' dir='ltr'>καὶ</span> <span class='ocrx_word' id='word_1_242' title='bbox 827 3439 948 3524; x_wconf 81' lang='grc' dir='ltr'>Νάστης</span> <span class='ocrx_word' id='word_1_243' title='bbox 969 3437 1155 3526; x_wconf 76' lang='grc' dir='ltr'>ἡγησάσθην,</span> 
     </span>
    </p>

    <p class='ocr_par' dir='ltr' id='par_1_6' title="bbox 219 3540 1332 3842">
     <span class='ocr_line' id='line_1_30' title="bbox 322 3540 1200 3630; baseline -0.001 -18"><span class='ocrx_word' id='word_1_244' title='bbox 322 3543 442 3629; x_wconf 79' lang='grc' dir='ltr'>Νάστης</span> <span class='ocrx_word' id='word_1_245' title='bbox 459 3540 653 3630; x_wconf 82' lang='grc' dir='ltr'>Ἀμφίμαχός</span> <span class='ocrx_word' id='word_1_246' title='bbox 674 3570 715 3628; x_wconf 84' lang='grc' dir='ltr'>τε,</span> <span class='ocrx_word' id='word_1_247' title='bbox 737 3549 881 3630; x_wconf 90' lang='grc' dir='ltr'>Νομίονος</span> <span class='ocrx_word' id='word_1_248' title='bbox 903 3544 1001 3628; x_wconf 79' lang='grc' dir='ltr'>ἀγλαὰ</span> <span class='ocrx_word' id='word_1_249' title='bbox 1016 3542 1117 3608; x_wconf 79' lang='grc' dir='ltr'>τέκνα.</span> <span class='ocrx_word' id='word_1_250' title='bbox 1196 3604 1200 3611; x_wconf 96' lang='grc'>.</span> 
     </span>
     <span class='ocr_line' id='line_1_31' title="bbox 219 3649 1332 3736; baseline -0.004 -22"><span class='ocrx_word' id='word_1_251' title='bbox 219 3649 432 3735; x_wconf 88' lang='lat' dir='ltr'>Epanalepsis</span> <span class='ocrx_word' id='word_1_252' title='bbox 454 3654 561 3736; x_wconf 84' lang='lat' dir='ltr'>igitur,</span> <span class='ocrx_word' id='word_1_253' title='bbox 588 3654 628 3715; x_wconf 93' lang='lat' dir='ltr'>de</span> <span class='ocrx_word' id='word_1_254' title='bbox 653 3673 715 3734; x_wconf 81' lang='lat' dir='ltr'>qua</span> <span class='ocrx_word' id='word_1_255' title='bbox 738 3660 885 3713; x_wconf 84' lang='lat' dir='ltr'>veterum</span> <span class='ocrx_word' id='word_1_256' title='bbox 912 3650 1131 3712; x_wconf 80' lang='lat' dir='ltr'>technicorum</span> <span class='ocrx_word' id='word_1_257' title='bbox 1155 3649 1332 3711; x_wconf 84' lang='lat' dir='ltr'>sententias</span> 
     </span>
     <span class='ocr_line' id='line_1_32' title="bbox 219 3753 1331 3842; baseline -0.004 -24"><span class='ocrx_word' id='word_1_258' title='bbox 219 3757 325 3818; x_wconf 87' lang='lat' dir='ltr'>varias</span> <span class='ocrx_word' id='word_1_259' title='bbox 347 3756 479 3842; x_wconf 81' lang='lat' dir='ltr'>collegit</span> <span class='ocrx_word' id='word_1_260' title='bbox 501 3757 668 3819; x_wconf 83' lang='lat' dir='ltr'>Ernestius</span> <span class='ocrx_word' id='word_1_261' title='bbox 684 3755 751 3817; x_wconf 87' lang='lat' dir='ltr'>Lex</span> <span class='ocrx_word' id='word_1_262' title='bbox 763 3755 842 3817; x_wconf 89' lang='lat' dir='ltr'>rhet.</span> <span class='ocrx_word' id='word_1_263' title='bbox 866 3753 919 3817; x_wconf 85' lang='lat' dir='ltr'>Gr.</span> <span class='ocrx_word' id='word_1_264' title='bbox 937 3776 967 3837; x_wconf 91' lang='lat' dir='ltr'>p.</span> <span class='ocrx_word' id='word_1_265' title='bbox 982 3753 1055 3834; x_wconf 83' lang='grc'>116,</span> <span class='ocrx_word' id='word_1_266' title='bbox 1074 3753 1116 3826; x_wconf 78' lang='lat'>¹²)</span> <span class='ocrx_word' id='word_1_267' title='bbox 1138 3753 1170 3814; x_wconf 92' lang='lat' dir='ltr'>in</span> <span class='ocrx_word' id='word_1_268' title='bbox 1184 3753 1331 3817; x_wconf 88' lang='lat' dir='ltr'>eiusdem</span> 
     </span>
    </p>
   </div>
   <div class='ocr_carea' id='block_1_3' title="bbox 255 3991 1332 4152">
    <p class='ocr_par' dir='ltr' id='par_1_7' title="bbox 255 3991 1332 4152">
     <span class='ocr_line' id='line_1_33' title="bbox 255 3991 1332 4066; baseline -0.005 -17"><span class='ocrx_word' id='word_1_269' title='bbox 255 3999 303 4059; x_wconf 86' lang='grc'>11)</span> <span class='ocrx_word' id='word_1_270' title='bbox 321 3996 354 4050; x_wconf 89' lang='lat' dir='ltr'>V.</span> <span class='ocrx_word' id='word_1_271' title='bbox 374 3995 515 4066; x_wconf 82' lang='lat' dir='ltr'>chener</span> <span class='ocrx_word' id='word_1_272' title='bbox 533 3993 575 4047; x_wconf 90' lang='lat' dir='ltr'>De</span> <span class='ocrx_word' id='word_1_273' title='bbox 593 3997 655 4046; x_wconf 88' lang='lat' dir='ltr'>aula</span> <span class='ocrx_word' id='word_1_274' title='bbox 675 3993 792 4048; x_wconf 87' lang='lat' dir='ltr'>Attalica</span> <span class='ocrx_word' id='word_1_275' title='bbox 814 3996 834 4051; x_wconf 81' lang='grc' dir='ltr'>Ι.</span> <span class='ocrx_word' id='word_1_276' title='bbox 854 4014 880 4066; x_wconf 90' lang='lat' dir='ltr'>p.</span> <span class='ocrx_word' id='word_1_277' title='bbox 901 3997 957 4046; x_wconf 84' lang='lat' dir='ltr'>tta.</span> <span class='ocrx_word' id='word_1_278' title='bbox 995 3992 1076 4045; x_wconf 79' lang='lat' dir='ltr'>Elinlr</span> <span class='ocrx_word' id='word_1_279' title='bbox 1096 3991 1179 4047; x_wconf 78' lang='lat' dir='ltr'>Sterlt</span> <span class='ocrx_word' id='word_1_280' title='bbox 1205 3994 1232 4046; x_wconf 92' lang='lat' dir='ltr'>in</span> <span class='ocrx_word' id='word_1_281' title='bbox 1253 3991 1332 4064; x_wconf 87' lang='lat' dir='ltr'>Sym-</span> 
     </span>
     <span class='ocr_line' id='line_1_34' title="bbox 320 4079 1104 4152; baseline -0.004 -15"><span class='ocrx_word' id='word_1_282' title='bbox 320 4084 375 4137; x_wconf 87' lang='lat' dir='ltr'>bol.</span> <span class='ocrx_word' id='word_1_283' title='bbox 393 4085 445 4139; x_wconf 78' lang='lat' dir='ltr'>litt.</span> <span class='ocrx_word' id='word_1_284' title='bbox 464 4083 567 4140; x_wconf 88' lang='lat' dir='ltr'>doctor.</span> <span class='ocrx_word' id='word_1_285' title='bbox 585 4097 707 4152; x_wconf 88' lang='lat' dir='ltr'>gymnas.</span> <span class='ocrx_word' id='word_1_286' title='bbox 726 4081 821 4135; x_wconf 84' lang='lat' dir='ltr'>Batav.</span> <span class='ocrx_word' id='word_1_287' title='bbox 839 4082 917 4136; x_wconf 82' lang='lat' dir='ltr'>Fasc.</span> <span class='ocrx_word' id='word_1_288' title='bbox 936 4079 1009 4135; x_wconf 81' lang='lat' dir='ltr'>Vlll.</span> <span class='ocrx_word' id='word_1_289' title='bbox 1032 4096 1058 4148; x_wconf 92' lang='lat' dir='ltr'>p.</span> <span class='ocrx_word' id='word_1_290' title='bbox 1077 4082 1104 4134; x_wconf 73' lang='lat'>³.</span> 
     </span>
    </p>
   </div>
   <div class='ocr_carea' id='block_1_4' title="bbox 256 4197 1331 4364">
    <p class='ocr_par' dir='ltr' id='par_1_8' title="bbox 256 4197 1331 4364">
     <span class='ocr_line' id='line_1_35' title="bbox 256 4197 1331 4270; baseline -0.005 -14"><span class='ocrx_word' id='word_1_291' title='bbox 256 4207 300 4270; x_wconf 79' lang='lat' dir='ltr'>ta)</span> <span class='ocrx_word' id='word_1_292' title='bbox 320 4203 399 4257; x_wconf 87' lang='lat' dir='ltr'>Adde</span> <span class='ocrx_word' id='word_1_293' title='bbox 426 4201 563 4255; x_wconf 84' lang='lat' dir='ltr'>Zonarum</span> <span class='ocrx_word' id='word_1_294' title='bbox 589 4201 623 4254; x_wconf 92' lang='lat' dir='ltr'>de</span> <span class='ocrx_word' id='word_1_295' title='bbox 642 4207 685 4269; x_wconf 81' lang='lat' dir='ltr'>fig.</span> <span class='ocrx_word' id='word_1_296' title='bbox 706 4203 732 4255; x_wconf 92' lang='lat' dir='ltr'>in</span> <span class='ocrx_word' id='word_1_297' title='bbox 753 4201 877 4255; x_wconf 88' lang='lat' dir='ltr'>Boisson.</span> <span class='ocrx_word' id='word_1_298' title='bbox 897 4198 1002 4254; x_wconf 87' lang='lat' dir='ltr'>Anecd.</span> <span class='ocrx_word' id='word_1_299' title='bbox 1021 4197 1068 4252; x_wconf 86' lang='lat' dir='ltr'>Gr.</span> <span class='ocrx_word' id='word_1_300' title='bbox 1088 4216 1114 4268; x_wconf 86' lang='lat' dir='ltr'>p.</span> <span class='ocrx_word' id='word_1_301' title='bbox 1133 4202 1193 4264; x_wconf 72' lang='grc'>511,</span> <span class='ocrx_word' id='word_1_302' title='bbox 1221 4199 1331 4252; x_wconf 90' lang='lat' dir='ltr'>nomine</span> 
     </span>
     <span class='ocr_line' id='line_1_36' title="bbox 322 4285 1330 4364; baseline -0.006 -20"><span class='ocrx_word' id='word_1_303' title='bbox 322 4291 522 4364; x_wconf 83' lang='lat' dir='ltr'>epanalepseos</span> <span class='ocrx_word' id='word_1_304' title='bbox 545 4290 704 4345; x_wconf 89' lang='lat' dir='ltr'>miscentem</span> <span class='ocrx_word' id='word_1_305' title='bbox 731 4305 802 4363; x_wconf 84' lang='lat' dir='ltr'>qnae</span> <span class='ocrx_word' id='word_1_306' title='bbox 826 4290 918 4362; x_wconf 87' lang='lat' dir='ltr'>potius</span> <span class='ocrx_word' id='word_1_307' title='bbox 942 4286 1106 4357; x_wconf 85' lang='lat' dir='ltr'>analepseos</span> <span class='ocrx_word' id='word_1_308' title='bbox 1135 4285 1246 4358; x_wconf 85' lang='lat' dir='ltr'>propria</span> <span class='ocrx_word' id='word_1_309' title='bbox 1264 4298 1330 4338; x_wconf 79' lang='lat' dir='ltr'>esse</span> 
     </span>
    </p>
   </div>
   <div class='ocr_carea' id='block_1_5' title="bbox 0 0 1458 4822">
    <p class='ocr_par' dir='ltr' id='par_1_9' title="bbox 0 0 1458 4822">
     <span class='ocr_line' id='line_1_37' title="bbox 0 0 1458 4822; baseline 0 0"><span class='ocrx_word' id='word_1_310' title='bbox 0 0 1458 4822; x_wconf 95' lang='lat' dir='ltr'> </span> 
     </span>
    </p>
   </div>
  </div>
 </body>
</html>
