2902 4822
573 404 744 529 Ι32

164 610 197 665 et
224 618 288 664 usu
320 617 419 682 quum
448 597 531 662 iufra
564 599 633 663 suis
668 597 749 662 locis
771 599 967 682 disputatum
991 601 1042 681 sit,
1076 599 1129 662 bic
1150 607 1276 691 tantum

163 701 347 768 summatim
365 721 461 784 quem
482 701 589 766 locum
610 702 642 765 iu
664 703 894 785 scriptionibus
906 703 1003 766 buius
1019 703 1148 788 generis
1160 720 1275 784 super·

164 805 295 868 stitibus
327 816 477 888 occupet,
500 805 642 869 breviter
673 805 910 888 exponendum.
954 805 1006 870 Ac
1028 807 1166 889 primum
1200 824 1276 868 cum

164 907 311 971 Romano
334 908 540 971 contendenti
561 908 625 972 hoo
645 909 729 971 inter
750 919 923 991 utrumque
945 927 1115 975 commune
1138 927 1275 990 appare·

163 1009 225 1093 hit,
254 1009 342 1092 quod
364 1010 544 1075 Aristarchi
573 1032 668 1076 usum
699 1012 793 1074 unice
824 1011 965 1093 respicit,
996 1011 1084 1095 quod
1106 1012 1135 1075 si
1156 1011 1275 1074 Roma·

164 1132 241 1176 num
274 1114 410 1196 excipis,
444 1115 478 1176 in
499 1115 587 1179 nullo
611 1114 674 1178 alio
709 1115 831 1197 scripto
854 1114 1030 1196 superstite
1057 1115 1107 1178 fit:
1144 1134 1187 1179 ex
1209 1134 1274 1199 quo

167 1235 264 1299 quum
288 1235 369 1279 aevo
391 1216 581 1282 Aristarcho
603 1217 785 1300 posteriore
806 1217 902 1280 huius
921 1217 1056 1308 ¹notandi
1077 1219 1161 1280 ratio
1183 1218 1274 1280 vario

167 1318 266 1382 modo
294 1328 413 1382 mutata
436 1320 489 1402 sit,
519 1339 729 1406 magnacum
759 1318 985 1402 probabilitate
1007 1320 1083 1384 licet
1109 1319 1274 1401 insontis,

165 1420 251 1486 unde
281 1421 412 1485 ductum
442 1424 495 1505 sit,
523 1433 718 1488 vetustatem
738 1422 847 1486 facere
875 1423 1103 1486 coniecturam.
1147 1421 1274 1486 Etenim
1358 1434 1364 1441 '

165 1545 249 1609 quae
271 1543 311 1588 eo
334 1525 549 1603 continentur,
582 1533 717 1609 apparot
738 1535 892 1609 excerpta
920 1545 996 1589 esse
1017 1525 1072 1590 vel
1093 1546 1135 1589 ex
1156 1525 1276 1590 Home·

164 1627 308 1691 cicorum
341 1629 516 1691 carminum
545 1626 694 1711 exemplo
727 1626 798 1691 sola
825 1628 1006 1694 Aristarchi
1033 1632 1197 1694 notatione
1229 1629 1276 1692 di·
1337 1695 1341 1703 ,

165 1730 284 1794 stincto
306 1729 360 1793 vel
384 1750 425 1793 ex
455 1732 577 1815 scripto
597 1729 706 1814 aliquo
733 1740 854 1814 vetere,
883 1729 1015 1814 quode
1042 1751 1079 1795 ea
1110 1734 1276 1796 notatione

164 1831 371 1916 peculiariter
402 1842 573 1897 tractatum
606 1845 704 1897 esset.
748 1834 821 1899 Hoc
842 1842 878 1896 ut
899 1835 1003 1918 magis
1036 1834 1190 1900 credibile
1213 1845 1275 1917 cst,

164 1938 209 2001 ita
238 1935 280 1999 ad
313 1954 372 1999 eos
395 1946 542 2000 veterum
581 1935 682 2001 libros
717 1938 919 2019 reducimur,
948 1937 1065 2020 quibus
1093 1958 1193 2022 snpra
1220 1958 1276 2002 ex·

164 2040 333 2122 posuimus
371 2038 412 2104 de
451 2061 514 2104 usu
546 2039 749 2105 Aristarchio
783 2042 920 2105 seorsim
958 2037 1154 2124 disputatum
1186 2059 1275 2121 esse,

165 2141 359 2224 Aristonici,
398 2141 568 2207 Philoxeni
597 2154 629 2206 et
660 2145 688 2207 si
722 2143 776 2226 qui
809 2143 863 2206 alii
903 2145 989 2208 circa
1021 2144 1156 2208 eandem
1189 2152 1278 2207 aeta·

77 2283 83 2293 ·
165 2254 231 2308 tem
253 2245 337 2307 idem
368 2256 592 2332 argumentum
625 2245 870 2329 expoliverunt,
902 2257 951 2310 ut*
964 2246 1078 2312 similis
1106 2249 1169 2310 iam
1195 2244 1278 2310 Har·

166 2350 262 2414 leiani
291 2349 451 2414 Anecdoti
475 2351 548 2414 sons
581 2348 728 2413 Romano
750 2350 852 2414 fuisse
879 2350 1041 2433 putandus
1074 2351 1123 2414 sit.
1169 2349 1278 2435 Quan-

165 2462 280 2537 topere
302 2473 381 2517 vero
410 2462 581 2537 utrumque
606 2453 730 2516 ratione
762 2453 870 2534 operis
897 2452 1052 2517 dissideat
1079 2452 1279 2540 comparanti

166 2565 265 2640 patet.
316 2553 399 2618 Sunt
432 2555 560 2637 quidem
594 2574 676 2637 quae
709 2555 743 2616 in
774 2553 947 2618 Harleiauo
980 2556 1170 2620 exhibentur
1202 2554 1277 2618 Ari·
1355 2615 1357 2619 .

168 2659 288 2723 starchi
310 2659 434 2739 omnia,
468 2656 528 2721 sed
549 2676 615 2720 non
638 2666 754 2719 ouucta
781 2668 1025 2740 enumerantur,
1061 2657 1178 2742 quibus
1203 2655 1277 2720 Ari·

167 2761 287 2824 starchi
309 2761 430 2825 uotatio
453 2759 647 2824 absolvitur:
680 2778 785 2842 neque
808 2779 847 2822 ea
868 2771 958 2824 recte
987 2771 1020 2824 et
1050 2761 1092 2825 ad
1120 2762 1277 2843 interpre-

95 2935 103 2950 ,
166 2864 319 2927 tationem
352 2863 552 2948 singulorum
582 2865 747 2948 signorum
769 2862 969 2926 sufficienter
997 2864 1154 2947 exposita,
1190 2863 1277 2927 unde
1356 2915 1359 2919 .

167 2987 266 3050 quum
288 2967 369 3032 haec
385 2968 456 3050 ipsa
479 2968 612 3050 iusuper
626 2966 773 3049 pluribus
790 2965 970 3029 nominibus
986 2966 1148 3048 laborent,
1167 2964 1277 3050 colligi

166 3078 286 3154 potest,
309 3069 342 3133 id
365 3070 637 3153 apospasmation,
662 3070 737 3133 dum
759 3089 818 3151 per
839 3066 1044 3142 librariorum
1065 3089 1179 3134 manus
1201 3086 1277 3152 pro-

167 3175 356 3259 pagabatur,
380 3177 532 3258 quantum
559 3171 641 3234 labis
663 3171 869 3253 contraxerit,
901 3190 966 3234 non
994 3170 1099 3236 solum
1122 3181 1277 3256 quantum

167 3275 208 3338 ad
230 3256 299 3339 rem
320 3278 424 3360 ipsam
447 3272 507 3337 sed
530 3274 625 3337 etiam
647 3273 680 3334 in
707 3273 819 3337 formis
853 3274 1020 3357 signorum
1043 3273 1182 3338 fideliter
1203 3273 1276 3338 red·

168 3378 292 3442 deudis.
341 3377 452 3462 ltaque
483 3378 553 3442 sive
585 3376 743 3458 imperitia
772 3375 977 3440 librariorum
1010 3378 1081 3440 sive
1112 3376 1276 3460 socordia,

122 3487 125 3503 '
166 3480 220 3545 vel
242 3482 337 3545 etiam
360 3481 513 3566 singulari
537 3479 676 3566 quodam
700 3499 784 3563 quae
806 3480 953 3561 primitus
984 3480 1055 3544 sine
1077 3478 1175 3543 dubio
1198 3499 1276 3542 enu-

167 3583 303 3649 cleatius
337 3586 482 3666 exposita
516 3594 627 3649 essent
661 3581 870 3647 contrahendi
905 3591 938 3646 et
969 3581 1135 3647 breviandi
1168 3582 1276 3649 studio

167 3689 286 3752 factum
320 3698 381 3770 est,
417 3698 453 3750 ut
474 3687 538 3751 loci
560 3686 704 3750 nonnulli
725 3685 895 3768 pristinum
918 3684 1061 3749 colorem
1093 3686 1138 3748 ita
1160 3686 1276 3749 amise-

166 3792 240 3873 rint,
264 3801 299 3854 ut
321 3810 444 3872 eorum,
466 3802 501 3853 ut
524 3809 609 3853 nunc
633 3787 762 3872 quidem
783 3787 895 3869 scripti
913 3797 1092 3871 servantur,
1116 3788 1277 3851 sententia

167 3912 405 3978 nonnumquam
425 3891 479 3956 vel
502 3892 599 3956 dubia
627 3889 680 3951 vel
701 3887 812 3951 mutila
834 3887 1103 3973 deprehendatur,
1132 3889 1165 3953 id
1187 3888 1277 3973 quod

168 3997 237 4061 suis
259 3995 353 4078 loeis,
377 3996 431 4060 ubi
459 3995 658 4080 singulorum
682 4009 883 4075 quorumque
911 3993 1076 4077 signorum
1104 3993 1187 4055 ratio
1220 3992 1276 4055 ba·

168 4098 306 4178 hebitur,
341 4097 561 4182 ostendemus,
591 4095 691 4160 veluti
715 4101 743 4168 s.
766 4093 808 4158 37
830 4105 863 4158 et
884 4097 935 4160 39.
980 4095 1038 4161 His
1067 4114 1148 4159 vero
1175 4095 1275 4175 vitiis,

169 4221 251 4285 quae
274 4202 396 4266 incuria
428 4211 574 4283 tempora
602 4199 772 4280 contraxit,
809 4198 958 4282 demptis,
981 4218 1045 4261 uon
1069 4208 1119 4262 est
1142 4197 1275 4261 dubium
