2902 4822
759 438 838 516 308
975 531 983 539 .

244 635 449 703 Conveniunt
470 647 577 702 tamen
594 655 636 701 ex
653 644 746 720 parte
767 654 841 699 cum
858 632 898 698 iis
918 628 1163 717 quaeMabnius
1180 648 1223 696 ex
1243 628 1361 695 eodem

243 744 419 809 Ammonio
441 743 594 829 apposuit
614 764 645 828 p.
669 741 743 808 126.

323 953 376 1019 Ad
402 953 592 1019 Aristoxeni
622 952 803 1018 doctrinam
827 952 868 1017 dc
900 948 1079 1036 rhythmica
1101 948 1361 1035 pernoscendam

237 1080 311 1126 eum
332 1060 439 1126 ihuctu
461 1080 548 1125 nunc
570 1059 788 1142 conserentur,
809 1080 893 1144 quae
910 1059 980 1123 eius
999 1060 1136 1146 vestigia
1160 1070 1228 1125 tum
1246 1058 1362 1147 legun·

235 1173 291 1229 tur
322 1173 390 1229 tum
423 1162 620 1250 colliguntur
648 1184 689 1228 ex
718 1161 818 1228 Pselli
847 1163 1007 1248 opusculo
1035 1165 1191 1249 inscripto
1213 1166 1361 1251 llpohop-

237 1265 383 1355 βαιόμενα
415 1264 457 1344 εἰς
486 1275 539 1352 τῆν
567 1263 711 1353 ῥυθμικὴν
744 1260 914 1353 interium,
945 1266 1033 1353 quod
1063 1279 1237 1355 postquam
1265 1268 1360 1335 locos

237 1382 411 1457 excerptos
444 1369 613 1436 Morellius
647 1380 740 1435 autea
776 1370 943 1457 vulgarat,
977 1372 1139 1458 integrum
1172 1392 1261 1437 nunc
1293 1370 1361 1436 edi·

234 1496 303 1551 tum
333 1477 490 1542 debemus
518 1475 696 1541 industriae
723 1473 748 1541 l.
771 1472 921 1540 Caesaris
950 1476 983 1540 in
1014 1475 1099 1542 Mus.
1128 1474 1234 1543 Rhen.
1258 1476 1357 1543 talu·

236 1603 270 1668 p.
294 1583 360 1648 620
381 1604 431 1669 sq.

565 1847 591 1929 h
616 1871 643 1929 x
670 1872 690 1931 c
715 1870 739 1930 ι
765 1871 783 1930 ι
809 1873 829 1931 ι
855 1869 878 1929 ι
905 1871 925 1929 ι
976 1846 1025 1923 ll.

359 1996 413 2053 lle
439 1991 652 2052 Philoxeno
686 1991 945 2050 Alexandrino
974 1991 1233 2066 grammatino.

322 2207 468 2296 Triginta
499 2206 616 2271 abhinc
638 2207 731 2272 annis
754 2227 852 2293 quum
882 2205 924 2270 de
945 2204 1125 2270 Philoxeno
1148 2208 1359 2293 grammatico

240 2312 397 2400 quaedam
419 2311 661 2378 conscriberem
678 2309 844 2395 Epimetro
867 2312 903 2378 ll.
926 2312 968 2377 ad
984 2309 1116 2378 Philem.
1138 2313 1218 2379 Lex.
1239 2314 1359 2398 techa,

237 2417 271 2480 in
303 2425 409 2480 aetate
442 2415 513 2480 eins
535 2415 762 2479 constituenda
792 2436 858 2480 non
882 2434 969 2480 eram
1000 2417 1131 2482 nescius
1159 2416 1359 2483 divinatione

238 2540 291 2584 me
312 2521 422 2604 potins
455 2538 552 2604 quam
575 2527 664 2583 certa
692 2521 968 2604 argumentatione
998 2518 1130 2585 ductum
1162 2542 1251 2605 esse,
1283 2518 1360 2585 ideo

239 2640 434 2691 tamennon
456 2622 650 2709 spernenda,
675 2624 762 2709 quod
785 2646 868 2711 quae
897 2624 939 2690 de
960 2623 1129 2689 Philoxeni
1159 2624 1360 2711 temporibus

238 2731 392 2794 universe
425 2729 521 2794 statui
548 2747 649 2812 posse
678 2726 889 2812 videbantur,
922 2746 962 2792 ea
991 2748 1033 2791 ex
1065 2727 1371 2815 grammaticorum,-

240 2834 433 2920 quibuscnm
445 2831 646 2897 Philoxenus
669 2832 799 2916 saepius
821 2830 1019 2914 laudaretur,
1042 2829 1195 2915 praesidii
1217 2826 1361 2895 nonnihil

241 2938 436 3022 acciperent.
480 2934 592 3023 ltaque
626 2955 693 3000 non
727 2938 805 3001 tanti
838 2948 910 3001 erat
941 2956 994 3001 rue
1027 2940 1186 3019 monere,¹
1204 2934 1238 2999 id
1272 2932 1371 3021 quud·

240 3044 448 3109 coniecturae
479 3041 554 3106 loco
576 3042 649 3125 ipse
671 3061 918 3126 proposueram,
951 3040 1016 3105 fide
1044 3058 1168 3123 carere,
1202 3038 1361 3125 siquidem

242 3147 488 3233 cointelligitur
509 3146 602 3223 fides,
626 3166 709 3230 quae
731 3145 870 3211 convelli
892 3155 1041 3231 nequeat.
1086 3144 1160 3209 Hoc
1179 3154 1289 3209 tamen
1308 3160 1362 3209 ιιιιι

241 3273 373 3318 monere
406 3260 482 3336 post
516 3246 728 3315 Bitschelinm
760 3252 840 3315 tanti
877 3252 983 3316 visum
1017 3260 1068 3316 est
1100 3248 1145 3315 M.
1179 3246 1363 3315 Schmidliu

244 3355 469 3442 (Schneidew.
491 3352 606 3419 Philol.
629 3352 684 3437 IV,
707 3355 739 3419 4.
771 3376 802 3439 p.
826 3356 900 3422 627.
922 3357 1021 3441 631),
1045 3356 1099 3441 qui
1121 3352 1209 3440 qnod
1230 3354 1363 3421 inchoa·

242 3484 354 3529 veram
377 3462 454 3527 olim
482 3480 566 3545 opus
594 3459 635 3524 de
657 3458 839 3526 Philoxeno
861 3471 1112 3543 retractaturus,
1147 3459 1235 3524 omui
1264 3456 1362 3523 modo

244 3566 467 3633 demonstrare
489 3564 623 3630 adnisus
645 3575 714 3651 est,
748 3565 977 3654 Philoxenum,
1012 3588 1108 3654 quem
1137 3564 1272 3633 saeculo
1293 3564 1363 3631 lere

245 3683 320 3737 ante
354 3668 431 3736 (ihr.
478 3690 509 3734 n.
545 3669 669 3734 vixisse
710 3670 868 3756 ieceram,
909 3693 975 3738 nno
1008 3684 1084 3758 post
1120 3669 1363 3758 grammaticam

243 3774 368 3841 Romae
399 3772 585 3858 professum
621 3793 705 3838 esse.
765 3772 802 3840 ln
836 3798 901 3862 quo
942 3776 1054 3843 labore
1086 3778 1148 3843 viri
1184 3774 1363 3841 admiratus

243 3900 318 3945 sum
345 3880 508 3966 ingenium
542 3877 720 3963 multiplex,
755 3881 874 3966 quippe
906 3903 1004 3968 quum
1037 3883 1228 3948 sententiam
1256 3898 1363 3947 meana

243 3983 307 4049 fide
328 4003 442 4051 carere
463 3982 636 4068 iudicaret,
670 4003 734 4048 non
761 3985 985 4072 intelligentis,
1020 4006 1115 4073 quam
1142 3986 1216 4071 ipse
1241 4000 1364 4071 propo·

243 4101 350 4177 neret,
380 4111 451 4155 eam
481 4089 565 4155 haud
588 4091 726 4155 certiore
749 4094 1027 4177 argumentatione
1053 4092 1121 4157 uiti.
1165 4090 1250 4157 Sunt
1277 4090 1363 4157 enim

244 4217 284 4263 ea
306 4215 391 4283 quae
413 4193 518 4259 attulit
540 4205 727 4280 argumenta
749 4194 837 4262 haud
859 4199 964 4264 minus
986 4199 1020 4263 in
1042 4198 1227 4264 coniectum
1254 4196 1362 4283 positu

246 4301 370 4385 omnia,
403 4298 448 4364 ita
481 4308 517 4363 nt
548 4299 613 4365 hm
642 4319 708 4367 ncn
740 4310 873 4388 agatur,
907 4303 1013 4369 utrius
1033 4310 1183 4370 nostrum
1203 4300 1363 4369 sementia
