<?xml version="1.0" encoding="UTF-8"?>
<!DOCTYPE html PUBLIC "-//W3C//DTD XHTML 1.0 Transitional//EN"
    "http://www.w3.org/TR/xhtml1/DTD/xhtml1-transitional.dtd">
<html xmlns="http://www.w3.org/1999/xhtml" xml:lang="en" lang="en">
 <head>
  <title>
</title>
<meta http-equiv="Content-Type" content="text/html;charset=utf-8" />
  <meta name='ocr-system' content='tesseract 3.04.00' />
  <meta name='ocr-capabilities' content='ocr_page ocr_carea ocr_par ocr_line ocrx_word'/>
</head>
<body>
  <div class='ocr_page' id='page_1' title='image "./anecdotumromanu00osangoog_0077.png"; bbox 0 0 2902 4822; ppageno 0'>
   <div class='ocr_carea' id='block_1_1' title="bbox 680 395 756 514">
    <p class='ocr_par' dir='ltr' id='par_1_1' title="bbox 680 395 756 514">
     <span class='ocr_line' id='line_1_1' title="bbox 680 395 756 514; baseline 0.132 -10"><span class='ocrx_word' id='word_1_1' title='bbox 680 395 756 514; x_wconf 53' lang='grc' dir='ltr'>Ι’59</span> 
     </span>
    </p>
   </div>
   <div class='ocr_carea' id='block_1_2' title="bbox 98 616 1291 1332">
    <p class='ocr_par' dir='ltr' id='par_1_2' title="bbox 98 616 1291 1332">
     <span class='ocr_line' id='line_1_2' title="bbox 98 616 1287 707; baseline 0.005 -26"><span class='ocrx_word' id='word_1_2' title='bbox 98 675 102 681; x_wconf 91' lang='grc'><strong>.</strong></span> <span class='ocrx_word' id='word_1_3' title='bbox 162 638 231 702; x_wconf 23' lang='grc' dir='ltr'>,ιγγς</span> <span class='ocrx_word' id='word_1_4' title='bbox 250 616 271 707; x_wconf 77' lang='grc' dir='ltr'><strong>ἢ</strong></span> <span class='ocrx_word' id='word_1_5' title='bbox 292 627 352 697; x_wconf 73' lang='grc' dir='ltr'>τῶν</span> <span class='ocrx_word' id='word_1_6' title='bbox 381 618 480 685; x_wconf 75' lang='grc' dir='ltr'>ἄλλων</span> <span class='ocrx_word' id='word_1_7' title='bbox 503 641 546 693; x_wconf 94' lang='grc' dir='ltr'>τις</span> <span class='ocrx_word' id='word_1_8' title='bbox 566 627 708 702; x_wconf 81' lang='grc' dir='ltr'>μετρικῶν</span> <span class='ocrx_word' id='word_1_9' title='bbox 732 618 910 704; x_wconf 79' lang='grc' dir='ltr'>διεκόσμησε</span> <span class='ocrx_word' id='word_1_10' title='bbox 935 617 990 694; x_wconf 79' lang='grc' dir='ltr'>τὰς</span> <span class='ocrx_word' id='word_1_11' title='bbox 1013 617 1107 706; x_wconf 70' lang='grc' dir='ltr'>ᾠδάς,</span> <span class='ocrx_word' id='word_1_12' title='bbox 1141 617 1205 686; x_wconf 80' lang='grc' dir='ltr'><strong>ἀλλ’</strong></span> <span class='ocrx_word' id='word_1_13' title='bbox 1240 618 1287 696; x_wconf 79' lang='grc' dir='ltr'>οἷς</span> 
     </span>
     <span class='ocr_line' id='line_1_3' title="bbox 176 704 1288 815; baseline 0 -25"><span class='ocrx_word' id='word_1_14' title='bbox 176 725 309 810; x_wconf 58' lang='lat' dir='ltr'>pauca&lt;</span> <span class='ocrx_word' id='word_1_15' title='bbox 338 704 413 798; x_wconf 74' lang='grc' dir='ltr'>ἆέισῖ</span> <span class='ocrx_word' id='word_1_16' title='bbox 441 726 559 805; x_wconf 82' lang='grc' dir='ltr'>διαιρεῖν</span> <span class='ocrx_word' id='word_1_17' title='bbox 587 723 637 786; x_wconf 85' lang='grc' dir='ltr'>τὸν</span> <span class='ocrx_word' id='word_1_18' title='bbox 668 721 766 806; x_wconf 81' lang='grc' dir='ltr'>λόγον.</span> <span class='ocrx_word' id='word_1_19' title='bbox 811 725 926 815; x_wconf 80' lang='lat' dir='ltr'>Neque</span> <span class='ocrx_word' id='word_1_20' title='bbox 955 724 1181 808; x_wconf 82' lang='lat' dir='ltr'><strong>Aristophanis</strong></span> <span class='ocrx_word' id='word_1_21' title='bbox 1211 743 1288 808; x_wconf 91' lang='lat' dir='ltr'>ope·</span> 
     </span>
     <span class='ocr_line' id='line_1_4' title="bbox 166 826 1289 912; baseline 0 -21"><span class='ocrx_word' id='word_1_22' title='bbox 166 846 247 906; x_wconf 50' lang='lat' dir='ltr'>,ram</span> <span class='ocrx_word' id='word_1_23' title='bbox 271 829 326 895; x_wconf 84' lang='lat' dir='ltr'>uui</span> <span class='ocrx_word' id='word_1_24' title='bbox 339 827 468 891; x_wconf 85' lang='lat' dir='ltr'>Alcaeo</span> <span class='ocrx_word' id='word_1_25' title='bbox 491 827 679 890; x_wconf 85' lang='lat' dir='ltr'>adstrictam</span> <span class='ocrx_word' id='word_1_26' title='bbox 691 828 815 910; x_wconf 73' lang='lat' dir='ltr'>luisse,</span> <span class='ocrx_word' id='word_1_27' title='bbox 839 827 899 890; x_wconf 90' lang='lat' dir='ltr'>sed</span> <span class='ocrx_word' id='word_1_28' title='bbox 920 829 948 891; x_wconf 91' lang='lat' dir='ltr'>si</span> <span class='ocrx_word' id='word_1_29' title='bbox 971 847 1035 891; x_wconf 91' lang='lat' dir='ltr'>non</span> <span class='ocrx_word' id='word_1_30' title='bbox 1057 826 1191 891; x_wconf 89' lang='lat' dir='ltr'>aliorum</span> <span class='ocrx_word' id='word_1_31' title='bbox 1213 828 1289 912; x_wconf 93' lang='lat' dir='ltr'>lyri-</span> 
     </span>
     <span class='ocr_line' id='line_1_5' title="bbox 168 920 1290 1015; baseline -0.001 -20"><span class='ocrx_word' id='word_1_32' title='bbox 168 951 304 1012; x_wconf 79' lang='lat' dir='ltr'>corum,</span> <span class='ocrx_word' id='word_1_33' title='bbox 328 943 416 996; x_wconf 89' lang='lat' dir='ltr'>certe</span> <span class='ocrx_word' id='word_1_34' title='bbox 439 951 521 1014; x_wconf 88' lang='lat' dir='ltr'>quae</span> <span class='ocrx_word' id='word_1_35' title='bbox 539 929 714 995; x_wconf 85' lang='lat' dir='ltr'>Simonidis</span> <span class='ocrx_word' id='word_1_36' title='bbox 735 931 920 995; x_wconf 84' lang='lat' dir='ltr'>ferebantur</span> <span class='ocrx_word' id='word_1_37' title='bbox 935 933 1076 996; x_wconf 89' lang='lat' dir='ltr'>carmina</span> <span class='ocrx_word' id='word_1_38' title='bbox 1088 920 1290 1015; x_wconf 79' lang='lat' dir='ltr'>complexam</span> 
     </span>
     <span class='ocr_line' id='line_1_6' title="bbox 179 1026 1290 1117; baseline -0.003 -19"><span class='ocrx_word' id='word_1_39' title='bbox 179 1054 267 1116; x_wconf 88' lang='lat' dir='ltr'>esse,</span> <span class='ocrx_word' id='word_1_40' title='bbox 298 1033 384 1097; x_wconf 92' lang='lat' dir='ltr'>idem</span> <span class='ocrx_word' id='word_1_41' title='bbox 412 1033 589 1117; x_wconf 89' lang='lat' dir='ltr'>Dionysius</span> <span class='ocrx_word' id='word_1_42' title='bbox 621 1044 758 1097; x_wconf 89' lang='lat' dir='ltr'>testatur</span> <span class='ocrx_word' id='word_1_43' title='bbox 787 1054 816 1099; x_wconf 82' lang='lat' dir='ltr'>c.</span> <span class='ocrx_word' id='word_1_44' title='bbox 839 1034 890 1095; x_wconf 78' lang='lat'>26.</span> <span class='ocrx_word' id='word_1_45' title='bbox 925 1054 955 1116; x_wconf 87' lang='lat' dir='ltr'>p.</span> <span class='ocrx_word' id='word_1_46' title='bbox 983 1034 1063 1096; x_wconf 79' lang='lat'>428:</span> <span class='ocrx_word' id='word_1_47' title='bbox 1094 1026 1151 1096; x_wconf 82' lang='grc' dir='ltr'>Ἐκ</span> <span class='ocrx_word' id='word_1_48' title='bbox 1181 1031 1216 1095; x_wconf 75' lang='grc' dir='ltr'>δὲ</span> <span class='ocrx_word' id='word_1_49' title='bbox 1237 1040 1290 1116; x_wconf 73' lang='grc' dir='ltr'>τῆς</span> 
     </span>
     <span class='ocr_line' id='line_1_7' title="bbox 178 1133 1291 1221; baseline -0.001 -20"><span class='ocrx_word' id='word_1_50' title='bbox 178 1139 303 1221; x_wconf 78' lang='grc' dir='ltr'>μελικῆς</span> <span class='ocrx_word' id='word_1_51' title='bbox 329 1138 502 1221; x_wconf 80' lang='grc' dir='ltr'>Σιμωνίδεια</span> <span class='ocrx_word' id='word_1_52' title='bbox 529 1145 625 1201; x_wconf 77' lang='grc' dir='ltr'>ταῦτα.</span> <span class='ocrx_word' id='word_1_53' title='bbox 670 1134 836 1220; x_wconf 75' lang='grc' dir='ltr'>Γέγραπται</span> <span class='ocrx_word' id='word_1_54' title='bbox 859 1135 894 1200; x_wconf 85' lang='grc' dir='ltr'>δὲ</span> <span class='ocrx_word' id='word_1_55' title='bbox 924 1134 1001 1201; x_wconf 88' lang='grc' dir='ltr'>κατὰ</span> <span class='ocrx_word' id='word_1_56' title='bbox 1030 1133 1197 1216; x_wconf 74' lang='grc' dir='ltr'>διαστολάς,</span> <span class='ocrx_word' id='word_1_57' title='bbox 1232 1133 1291 1219; x_wconf 72' lang='grc' dir='ltr'>οὔχ</span> 
     </span>
     <span class='ocr_line' id='line_1_8' title="bbox 172 1235 1290 1332; baseline -0.001 -28"><span class='ocrx_word' id='word_1_58' title='bbox 172 1236 225 1332; x_wconf 82' lang='grc' dir='ltr'>Ιιῖιιι</span> <span class='ocrx_word' id='word_1_59' title='bbox 252 1235 473 1324; x_wconf 63' lang='grc' dir='ltr'>,Ἀριστοφάνης</span> <span class='ocrx_word' id='word_1_60' title='bbox 501 1239 636 1324; x_wconf 81' lang='grc' dir='ltr'>ἢᾶλλος</span> <span class='ocrx_word' id='word_1_61' title='bbox 667 1264 710 1314; x_wconf 89' lang='grc' dir='ltr'>τις</span> <span class='ocrx_word' id='word_1_62' title='bbox 732 1240 933 1305; x_wconf 81' lang='grc' dir='ltr'>κατεσκεύασε</span> <span class='ocrx_word' id='word_1_63' title='bbox 959 1238 1078 1322; x_wconf 84' lang='grc' dir='ltr'>κώλων,</span> <span class='ocrx_word' id='word_1_64' title='bbox 1112 1235 1176 1305; x_wconf 81' lang='grc' dir='ltr'><strong>ἀλλ’</strong></span> <span class='ocrx_word' id='word_1_65' title='bbox 1209 1237 1290 1307; x_wconf 74' lang='lat' dir='ltr'>thro</span> 
     </span>
    </p>
   </div>
   <div class='ocr_carea' id='block_1_3' title="bbox 179 1328 1405 1427">
    <p class='ocr_par' dir='ltr' id='par_1_3' title="bbox 179 1328 1405 1427">
     <span class='ocr_line' id='line_1_9' title="bbox 179 1328 1405 1427; baseline -0.006 -19"><span class='ocrx_word' id='word_1_66' title='bbox 179 1328 274 1417; x_wconf 73' lang='grc' dir='ltr'>πεζὸς</span> <span class='ocrx_word' id='word_1_67' title='bbox 295 1340 385 1424; x_wconf 87' lang='grc' dir='ltr'>λόγος</span> <span class='ocrx_word' id='word_1_68' title='bbox 407 1340 532 1409; x_wconf 75' lang='grc' dir='ltr'>ἀπαιτεῖ.</span> <span class='ocrx_word' id='word_1_69' title='bbox 575 1345 620 1407; x_wconf 91' lang='lat' dir='ltr'>At</span> <span class='ocrx_word' id='word_1_70' title='bbox 642 1356 676 1408; x_wconf 93' lang='lat' dir='ltr'>ut</span> <span class='ocrx_word' id='word_1_71' title='bbox 699 1345 930 1408; x_wconf 80' lang='lat' dir='ltr'>Archilochum</span> <span class='ocrx_word' id='word_1_72' title='bbox 953 1354 985 1408; x_wconf 93' lang='lat' dir='ltr'>et</span> <span class='ocrx_word' id='word_1_73' title='bbox 1006 1343 1145 1425; x_wconf 71' lang='lat' dir='ltr'>Lasum,</span> <span class='ocrx_word' id='word_1_74' title='bbox 1160 1345 1202 1406; x_wconf 91' lang='lat' dir='ltr'>de</span> <span class='ocrx_word' id='word_1_75' title='bbox 1224 1344 1292 1427; x_wconf 91' lang='lat' dir='ltr'>qui·</span> <span class='ocrx_word' id='word_1_76' title='bbox 1403 1397 1405 1401; x_wconf 85' lang='lat'>.</span> 
     </span>
    </p>
   </div>
   <div class='ocr_carea' id='block_1_4' title="bbox 130 1445 1305 4023">
    <p class='ocr_par' dir='ltr' id='par_1_4' title="bbox 130 1445 1305 4023">
     <span class='ocr_line' id='line_1_10' title="bbox 181 1445 1292 1531; baseline -0.002 -23"><span class='ocrx_word' id='word_1_77' title='bbox 181 1445 252 1519; x_wconf 79' lang='lat' dir='ltr'>bus</span> <span class='ocrx_word' id='word_1_78' title='bbox 267 1455 359 1509; x_wconf 87' lang='lat' dir='ltr'>certo</span> <span class='ocrx_word' id='word_1_79' title='bbox 381 1449 578 1529; x_wconf 88' lang='lat' dir='ltr'>pronuntiari</span> <span class='ocrx_word' id='word_1_80' title='bbox 600 1449 721 1531; x_wconf 88' lang='lat' dir='ltr'>nequit,</span> <span class='ocrx_word' id='word_1_81' title='bbox 750 1446 905 1527; x_wconf 86' lang='lat' dir='ltr'>omittam,</span> <span class='ocrx_word' id='word_1_82' title='bbox 937 1449 1031 1509; x_wconf 85' lang='lat' dir='ltr'>etiam</span> <span class='ocrx_word' id='word_1_83' title='bbox 1054 1446 1292 1508; x_wconf 83' lang='lat' dir='ltr'>Anacreontem</span> 
     </span>
     <span class='ocr_line' id='line_1_11' title="bbox 182 1547 1292 1632; baseline -0.002 -21"><span class='ocrx_word' id='word_1_84' title='bbox 182 1560 216 1611; x_wconf 93' lang='lat' dir='ltr'>et</span> <span class='ocrx_word' id='word_1_85' title='bbox 237 1547 411 1612; x_wconf 82' lang='lat' dir='ltr'>Pindarum</span> <span class='ocrx_word' id='word_1_86' title='bbox 433 1552 543 1614; x_wconf 90' lang='lat' dir='ltr'>critice</span> <span class='ocrx_word' id='word_1_87' title='bbox 566 1562 720 1615; x_wconf 85' lang='lat' dir='ltr'>tractatos</span> <span class='ocrx_word' id='word_1_88' title='bbox 749 1569 823 1613; x_wconf 89' lang='lat' dir='ltr'>esse</span> <span class='ocrx_word' id='word_1_89' title='bbox 846 1549 886 1612; x_wconf 86' lang='lat' dir='ltr'>ab</span> <span class='ocrx_word' id='word_1_90' title='bbox 908 1549 1127 1632; x_wconf 74' lang='lat' dir='ltr'>Aristophane</span> <span class='ocrx_word' id='word_1_91' title='bbox 1154 1557 1292 1629; x_wconf 86' lang='lat' dir='ltr'>constat,</span> 
     </span>
     <span class='ocr_line' id='line_1_12' title="bbox 183 1649 1295 1739; baseline 0 -25"><span class='ocrx_word' id='word_1_92' title='bbox 183 1673 214 1714; x_wconf 85' lang='lat' dir='ltr'>v.</span> <span class='ocrx_word' id='word_1_93' title='bbox 233 1651 415 1715; x_wconf 86' lang='lat' dir='ltr'>Nauckium</span> <span class='ocrx_word' id='word_1_94' title='bbox 437 1673 468 1736; x_wconf 88' lang='lat' dir='ltr'>p.</span> <span class='ocrx_word' id='word_1_95' title='bbox 481 1656 544 1734; x_wconf 26' lang='lat'>1613</span> <span class='ocrx_word' id='word_1_96' title='bbox 567 1676 672 1739; x_wconf 89' lang='lat' dir='ltr'>neque</span> <span class='ocrx_word' id='word_1_97' title='bbox 695 1658 942 1738; x_wconf 77' lang='lat' dir='ltr'>repugnaverim</span> <span class='ocrx_word' id='word_1_98' title='bbox 965 1675 1006 1718; x_wconf 86' lang='lat' dir='ltr'>ex</span> <span class='ocrx_word' id='word_1_99' title='bbox 1028 1656 1129 1718; x_wconf 92' lang='lat' dir='ltr'>verbo</span> <span class='ocrx_word' id='word_1_100' title='bbox 1152 1649 1295 1736; x_wconf 70' lang='grc' dir='ltr'>ἀθετῆσαι</span> 
     </span>
     <span class='ocr_line' id='line_1_13' title="bbox 183 1754 1294 1842; baseline 0 -24"><span class='ocrx_word' id='word_1_101' title='bbox 183 1775 251 1840; x_wconf 90' lang='lat' dir='ltr'>quo</span> <span class='ocrx_word' id='word_1_102' title='bbox 285 1754 465 1821; x_wconf 81' lang='lat' dir='ltr'>Scholiasta</span> <span class='ocrx_word' id='word_1_103' title='bbox 500 1758 627 1842; x_wconf 81' lang='lat' dir='ltr'>Olymp.</span> <span class='ocrx_word' id='word_1_104' title='bbox 650 1759 687 1841; x_wconf 91' lang='lat' dir='ltr'>ll,</span> <span class='ocrx_word' id='word_1_105' title='bbox 721 1761 764 1822; x_wconf 88' lang='lat'>48</span> <span class='ocrx_word' id='word_1_106' title='bbox 791 1761 829 1821; x_wconf 89' lang='lat' dir='ltr'>in</span> <span class='ocrx_word' id='word_1_107' title='bbox 863 1759 1034 1823; x_wconf 87' lang='lat' dir='ltr'>referendo</span> <span class='ocrx_word' id='word_1_108' title='bbox 1067 1757 1294 1840; x_wconf 69' lang='lat' dir='ltr'>Aristophanis</span> 
     </span>
     <span class='ocr_line' id='line_1_14' title="bbox 183 1859 1294 1947; baseline 0.002 -25"><span class='ocrx_word' id='word_1_109' title='bbox 183 1859 304 1922; x_wconf 92' lang='lat' dir='ltr'>iudicio</span> <span class='ocrx_word' id='word_1_110' title='bbox 332 1860 373 1924; x_wconf 87' lang='lat' dir='ltr'>de</span> <span class='ocrx_word' id='word_1_111' title='bbox 402 1861 646 1926; x_wconf 87' lang='lat' dir='ltr'>condemnando</span> <span class='ocrx_word' id='word_1_112' title='bbox 675 1863 747 1927; x_wconf 93' lang='lat' dir='ltr'>colo</span> <span class='ocrx_word' id='word_1_113' title='bbox 782 1863 954 1928; x_wconf 85' lang='lat' dir='ltr'>Pindarico</span> <span class='ocrx_word' id='word_1_114' title='bbox 990 1863 1099 1947; x_wconf 88' lang='lat' dir='ltr'>aliquo</span> <span class='ocrx_word' id='word_1_115' title='bbox 1129 1882 1210 1926; x_wconf 90' lang='lat' dir='ltr'>usus</span> <span class='ocrx_word' id='word_1_116' title='bbox 1233 1872 1294 1942; x_wconf 89' lang='lat' dir='ltr'>est,</span> 
     </span>
     <span class='ocr_line' id='line_1_15' title="bbox 185 1965 1296 2050; baseline 0 -23"><span class='ocrx_word' id='word_1_117' title='bbox 185 1965 405 2027; x_wconf 90' lang='lat' dir='ltr'>coniecturam</span> <span class='ocrx_word' id='word_1_118' title='bbox 439 1966 470 2027; x_wconf 91' lang='lat' dir='ltr'>in</span> <span class='ocrx_word' id='word_1_119' title='bbox 505 1967 672 2049; x_wconf 88' lang='lat' dir='ltr'>signorum</span> <span class='ocrx_word' id='word_1_120' title='bbox 703 1970 889 2031; x_wconf 90' lang='lat' dir='ltr'>criticorum</span> <span class='ocrx_word' id='word_1_121' title='bbox 912 1988 1017 2048; x_wconf 90' lang='lat' dir='ltr'>usum,</span> <span class='ocrx_word' id='word_1_122' title='bbox 1051 1987 1146 2050; x_wconf 91' lang='lat' dir='ltr'>quem</span> <span class='ocrx_word' id='word_1_123' title='bbox 1169 1967 1296 2029; x_wconf 90' lang='lat' dir='ltr'>Aristo·</span> 
     </span>
     <span class='ocr_line' id='line_1_16' title="bbox 130 2069 1297 2154; baseline 0.002 -23"><span class='ocrx_word' id='word_1_124' title='bbox 130 2137 133 2140; x_wconf 64' lang='grc'><strong>,</strong></span> <span class='ocrx_word' id='word_1_125' title='bbox 184 2069 310 2152; x_wconf 88' lang='lat' dir='ltr'>phanes</span> <span class='ocrx_word' id='word_1_126' title='bbox 328 2069 539 2152; x_wconf 81' lang='lat' dir='ltr'>adhibuisset,</span> <span class='ocrx_word' id='word_1_127' title='bbox 559 2072 694 2137; x_wconf 87' lang='lat' dir='ltr'>facturo.</span> <span class='ocrx_word' id='word_1_128' title='bbox 717 2075 763 2136; x_wconf 91' lang='lat' dir='ltr'>At</span> <span class='ocrx_word' id='word_1_129' title='bbox 781 2072 874 2136; x_wconf 83' lang='lat' dir='ltr'>facile</span> <span class='ocrx_word' id='word_1_130' title='bbox 887 2072 1073 2154; x_wconf 85' lang='lat' dir='ltr'>concedam,</span> <span class='ocrx_word' id='word_1_131' title='bbox 1085 2072 1297 2136; x_wconf 86' lang='lat' dir='ltr'>adnotationi-</span> 
     </span>
     <span class='ocr_line' id='line_1_17' title="bbox 168 2171 1296 2260; baseline 0.001 -26"><span class='ocrx_word' id='word_1_132' title='bbox 168 2171 250 2247; x_wconf 87' lang='lat' dir='ltr'>bus</span> <span class='ocrx_word' id='word_1_133' title='bbox 282 2174 353 2236; x_wconf 89' lang='lat' dir='ltr'>istis</span> <span class='ocrx_word' id='word_1_134' title='bbox 389 2176 530 2239; x_wconf 89' lang='lat' dir='ltr'>metricis</span> <span class='ocrx_word' id='word_1_135' title='bbox 564 2175 615 2238; x_wconf 89' lang='lat' dir='ltr'>vel</span> <span class='ocrx_word' id='word_1_136' title='bbox 637 2177 854 2260; x_wconf 82' lang='lat' dir='ltr'>grammaticis</span> <span class='ocrx_word' id='word_1_137' title='bbox 885 2187 1000 2258; x_wconf 89' lang='lat' dir='ltr'>poetas</span> <span class='ocrx_word' id='word_1_138' title='bbox 1033 2175 1232 2259; x_wconf 88' lang='lat' dir='ltr'>aliquatenus</span> <span class='ocrx_word' id='word_1_139' title='bbox 1256 2192 1296 2235; x_wconf 91' lang='lat' dir='ltr'>eo</span> 
     </span>
     <span class='ocr_line' id='line_1_18' title="bbox 185 2273 1297 2362; baseline -0.001 -26"><span class='ocrx_word' id='word_1_140' title='bbox 185 2273 404 2356; x_wconf 85' lang='lat' dir='ltr'>praelusisse,</span> <span class='ocrx_word' id='word_1_141' title='bbox 439 2277 526 2360; x_wconf 90' lang='lat' dir='ltr'>quod</span> <span class='ocrx_word' id='word_1_142' title='bbox 549 2279 604 2340; x_wconf 90' lang='lat' dir='ltr'>ubi</span> <span class='ocrx_word' id='word_1_143' title='bbox 639 2280 720 2342; x_wconf 90' lang='lat' dir='ltr'>ratio</span> <span class='ocrx_word' id='word_1_144' title='bbox 752 2280 919 2362; x_wconf 85' lang='lat' dir='ltr'>postulare</span> <span class='ocrx_word' id='word_1_145' title='bbox 941 2281 1010 2342; x_wconf 90' lang='lat' dir='ltr'>visa</span> <span class='ocrx_word' id='word_1_146' title='bbox 1047 2289 1145 2358; x_wconf 89' lang='lat' dir='ltr'>esset,</span> <span class='ocrx_word' id='word_1_147' title='bbox 1178 2273 1297 2358; x_wconf 90' lang='lat' dir='ltr'>aliquid</span> 
     </span>
     <span class='ocr_line' id='line_1_19' title="bbox 188 2375 1299 2465; baseline -0.001 -28"><span class='ocrx_word' id='word_1_148' title='bbox 188 2375 413 2441; x_wconf 88' lang='lat' dir='ltr'>admonitionis</span> <span class='ocrx_word' id='word_1_149' title='bbox 443 2399 502 2460; x_wconf 85' lang='lat' dir='ltr'>per</span> <span class='ocrx_word' id='word_1_150' title='bbox 532 2381 721 2463; x_wconf 91' lang='lat' dir='ltr'>compendia</span> <span class='ocrx_word' id='word_1_151' title='bbox 753 2383 919 2465; x_wconf 86' lang='lat' dir='ltr'>signorum</span> <span class='ocrx_word' id='word_1_152' title='bbox 952 2378 1088 2462; x_wconf 84' lang='lat' dir='ltr'>singulis</span> <span class='ocrx_word' id='word_1_153' title='bbox 1123 2379 1299 2442; x_wconf 87' lang='lat' dir='ltr'>carminum</span> 
     </span>
     <span class='ocr_line' id='line_1_20' title="bbox 188 2480 1298 2569; baseline -0.001 -25"><span class='ocrx_word' id='word_1_154' title='bbox 188 2481 271 2569; x_wconf 88' lang='lat' dir='ltr'>locis</span> <span class='ocrx_word' id='word_1_155' title='bbox 294 2481 468 2545; x_wconf 87' lang='lat' dir='ltr'>adiicerent</span> <span class='ocrx_word' id='word_1_156' title='bbox 491 2486 609 2568; x_wconf 89' lang='lat' dir='ltr'>quippe</span> <span class='ocrx_word' id='word_1_157' title='bbox 632 2485 819 2550; x_wconf 89' lang='lat' dir='ltr'>cantoribus</span> <span class='ocrx_word' id='word_1_158' title='bbox 841 2484 895 2548; x_wconf 90' lang='lat' dir='ltr'>vel</span> <span class='ocrx_word' id='word_1_159' title='bbox 916 2484 1079 2548; x_wconf 90' lang='lat' dir='ltr'>actoribus</span> <span class='ocrx_word' id='word_1_160' title='bbox 1102 2480 1298 2547; x_wconf 89' lang='lat' dir='ltr'>consulturi:</span> 
     </span>
     <span class='ocr_line' id='line_1_21' title="bbox 189 2586 1300 2674; baseline 0.001 -30"><span class='ocrx_word' id='word_1_161' title='bbox 189 2603 285 2666; x_wconf 88' lang='lat' dir='ltr'>quem</span> <span class='ocrx_word' id='word_1_162' title='bbox 307 2603 429 2674; x_wconf 86' lang='lat' dir='ltr'>morem</span> <span class='ocrx_word' id='word_1_163' title='bbox 453 2589 580 2670; x_wconf 87' lang='lat' dir='ltr'>sequuti</span> <span class='ocrx_word' id='word_1_164' title='bbox 601 2588 810 2670; x_wconf 88' lang='lat' dir='ltr'>grammatici,</span> <span class='ocrx_word' id='word_1_165' title='bbox 834 2586 989 2672; x_wconf 89' lang='lat' dir='ltr'>quidquid</span> <span class='ocrx_word' id='word_1_166' title='bbox 1010 2587 1184 2670; x_wconf 86' lang='lat' dir='ltr'>antiquitus</span> <span class='ocrx_word' id='word_1_167' title='bbox 1207 2602 1300 2665; x_wconf 87' lang='lat' dir='ltr'>repc-</span> 
     </span>
     <span class='ocr_line' id='line_1_22' title="bbox 188 2687 1299 2774; baseline -0.001 -25"><span class='ocrx_word' id='word_1_168' title='bbox 188 2687 308 2751; x_wconf 87' lang='lat' dir='ltr'>rissent</span> <span class='ocrx_word' id='word_1_169' title='bbox 332 2688 528 2774; x_wconf 85' lang='lat' dir='ltr'>adnotatum,</span> <span class='ocrx_word' id='word_1_170' title='bbox 552 2692 739 2774; x_wconf 86' lang='lat' dir='ltr'>arripuisse,</span> <span class='ocrx_word' id='word_1_171' title='bbox 763 2694 857 2756; x_wconf 89' lang='lat' dir='ltr'>novis</span> <span class='ocrx_word' id='word_1_172' title='bbox 880 2692 985 2757; x_wconf 90' lang='lat' dir='ltr'>modis</span> <span class='ocrx_word' id='word_1_173' title='bbox 1003 2693 1134 2755; x_wconf 70' lang='lat' dir='ltr'>auxisse</span> <span class='ocrx_word' id='word_1_174' title='bbox 1152 2700 1250 2773; x_wconf 85' lang='lat' dir='ltr'>atque</span> <span class='ocrx_word' id='word_1_175' title='bbox 1266 2689 1299 2750; x_wconf 92' lang='lat' dir='ltr'>in</span> 
     </span>
     <span class='ocr_line' id='line_1_23' title="bbox 190 2794 1300 2881; baseline -0.002 -24"><span class='ocrx_word' id='word_1_176' title='bbox 190 2803 333 2878; x_wconf 84' lang='lat' dir='ltr'>systema</span> <span class='ocrx_word' id='word_1_177' title='bbox 364 2797 590 2878; x_wconf 89' lang='lat' dir='ltr'>composuisse</span> <span class='ocrx_word' id='word_1_178' title='bbox 613 2798 772 2879; x_wconf 90' lang='lat' dir='ltr'>videntur,</span> <span class='ocrx_word' id='word_1_179' title='bbox 809 2797 897 2881; x_wconf 88' lang='lat' dir='ltr'>quod</span> <span class='ocrx_word' id='word_1_180' title='bbox 919 2799 951 2859; x_wconf 92' lang='lat' dir='ltr'>in</span> <span class='ocrx_word' id='word_1_181' title='bbox 981 2794 1214 2880; x_wconf 83' lang='lat' dir='ltr'>distinguendis</span> <span class='ocrx_word' id='word_1_182' title='bbox 1244 2811 1300 2855; x_wconf 94' lang='lat' dir='ltr'>no·</span> 
     </span>
     <span class='ocr_line' id='line_1_24' title="bbox 190 2893 1300 2982; baseline -0.002 -26"><span class='ocrx_word' id='word_1_183' title='bbox 190 2895 360 2979; x_wconf 89' lang='lat' dir='ltr'>tandisque</span> <span class='ocrx_word' id='word_1_184' title='bbox 382 2908 528 2962; x_wconf 90' lang='lat' dir='ltr'>veterum</span> <span class='ocrx_word' id='word_1_185' title='bbox 549 2909 717 2981; x_wconf 89' lang='lat' dir='ltr'>poetarum</span> <span class='ocrx_word' id='word_1_186' title='bbox 740 2900 977 2982; x_wconf 87' lang='lat' dir='ltr'>exemplaribus</span> <span class='ocrx_word' id='word_1_187' title='bbox 1011 2919 1084 2962; x_wconf 91' lang='lat' dir='ltr'>cum</span> <span class='ocrx_word' id='word_1_188' title='bbox 1116 2897 1223 2959; x_wconf 88' lang='lat' dir='ltr'>fructu</span> <span class='ocrx_word' id='word_1_189' title='bbox 1244 2893 1300 2956; x_wconf 91' lang='lat' dir='ltr'>ad·</span> 
     </span>
     <span class='ocr_line' id='line_1_25' title="bbox 190 2998 1300 3088; baseline -0.001 -28"><span class='ocrx_word' id='word_1_190' title='bbox 190 2998 347 3066; x_wconf 89' lang='lat' dir='ltr'>hiberent.</span> <span class='ocrx_word' id='word_1_191' title='bbox 390 3001 499 3086; x_wconf 87' lang='lat' dir='ltr'>Atque</span> <span class='ocrx_word' id='word_1_192' title='bbox 522 3002 563 3065; x_wconf 89' lang='lat' dir='ltr'>ad</span> <span class='ocrx_word' id='word_1_193' title='bbox 584 3001 663 3065; x_wconf 91' lang='lat' dir='ltr'>illud</span> <span class='ocrx_word' id='word_1_194' title='bbox 686 3024 790 3088; x_wconf 83' lang='lat' dir='ltr'>genus</span> <span class='ocrx_word' id='word_1_195' title='bbox 813 3003 1049 3084; x_wconf 88' lang='lat' dir='ltr'>admonitionis,</span> <span class='ocrx_word' id='word_1_196' title='bbox 1070 3020 1153 3085; x_wconf 85' lang='lat' dir='ltr'>quae</span> <span class='ocrx_word' id='word_1_197' title='bbox 1171 2999 1300 3079; x_wconf 90' lang='lat' dir='ltr'>abipso</span> 
     </span>
     <span class='ocr_line' id='line_1_26' title="bbox 190 3090 1301 3191; baseline -0.001 -27"><span class='ocrx_word' id='word_1_198' title='bbox 190 3115 323 3191; x_wconf 84' lang='lat' dir='ltr'>auctore</span> <span class='ocrx_word' id='word_1_199' title='bbox 355 3106 501 3188; x_wconf 81' lang='lat' dir='ltr'>profecta</span> <span class='ocrx_word' id='word_1_200' title='bbox 532 3090 630 3188; x_wconf 84' lang='lat' dir='ltr'>esset,</span> <span class='ocrx_word' id='word_1_201' title='bbox 663 3108 858 3189; x_wconf 88' lang='lat' dir='ltr'>pertinuisse</span> <span class='ocrx_word' id='word_1_202' title='bbox 891 3117 999 3190; x_wconf 90' lang='lat' dir='ltr'>potest</span> <span class='ocrx_word' id='word_1_203' title='bbox 1033 3126 1072 3169; x_wconf 89' lang='lat' dir='ltr'>ea</span> <span class='ocrx_word' id='word_1_204' title='bbox 1102 3114 1189 3184; x_wconf 88' lang='lat' dir='ltr'>nota,</span> <span class='ocrx_word' id='word_1_205' title='bbox 1219 3121 1301 3185; x_wconf 88' lang='lat' dir='ltr'>quae</span> 
     </span>
     <span class='ocr_line' id='line_1_27' title="bbox 190 3208 1302 3295; baseline 0.001 -26"><span class='ocrx_word' id='word_1_206' title='bbox 190 3216 417 3293; x_wconf 70' lang='grc' dir='ltr'>παρεισγραφῆς</span> <span class='ocrx_word' id='word_1_207' title='bbox 444 3211 572 3274; x_wconf 90' lang='lat' dir='ltr'>nomine</span> <span class='ocrx_word' id='word_1_208' title='bbox 600 3211 721 3295; x_wconf 89' lang='lat' dir='ltr'>aliquot</span> <span class='ocrx_word' id='word_1_209' title='bbox 748 3210 952 3276; x_wconf 84' lang='lat' dir='ltr'>Scholiorum</span> <span class='ocrx_word' id='word_1_210' title='bbox 981 3208 1302 3292; x_wconf 88' lang='lat' dir='ltr'>Aristophanicorum</span> 
     </span>
     <span class='ocr_line' id='line_1_28' title="bbox 189 3308 1303 3394; baseline 0.003 -23"><span class='ocrx_word' id='word_1_211' title='bbox 189 3308 272 3393; x_wconf 88' lang='lat' dir='ltr'>locis</span> <span class='ocrx_word' id='word_1_212' title='bbox 296 3311 555 3394; x_wconf 88' lang='lat' dir='ltr'>deprehenditur.</span> <span class='ocrx_word' id='word_1_213' title='bbox 599 3311 639 3378; x_wconf 83' lang='lat' dir='ltr'>V.</span> <span class='ocrx_word' id='word_1_214' title='bbox 669 3314 870 3379; x_wconf 86' lang='lat' dir='ltr'>Gracfenhan</span> <span class='ocrx_word' id='word_1_215' title='bbox 894 3315 1013 3379; x_wconf 87' lang='lat' dir='ltr'>Gesch.</span> <span class='ocrx_word' id='word_1_216' title='bbox 1048 3314 1078 3376; x_wconf 92' lang='lat' dir='ltr'>d.</span> <span class='ocrx_word' id='word_1_217' title='bbox 1101 3313 1205 3378; x_wconf 81' lang='lat' dir='ltr'>klass.</span> <span class='ocrx_word' id='word_1_218' title='bbox 1226 3312 1303 3375; x_wconf 93' lang='lat' dir='ltr'>Phi-</span> 
     </span>
     <span class='ocr_line' id='line_1_29' title="bbox 190 3410 1301 3500; baseline -0.004 -22"><span class='ocrx_word' id='word_1_219' title='bbox 190 3411 311 3497; x_wconf 85' lang='lat' dir='ltr'>lologie</span> <span class='ocrx_word' id='word_1_220' title='bbox 333 3413 370 3479; x_wconf 80' lang='grc' dir='ltr'>Τ.</span> <span class='ocrx_word' id='word_1_221' title='bbox 392 3414 431 3478; x_wconf 84' lang='lat' dir='ltr'>ll.</span> <span class='ocrx_word' id='word_1_222' title='bbox 452 3437 484 3498; x_wconf 85' lang='lat' dir='ltr'>p.</span> <span class='ocrx_word' id='word_1_223' title='bbox 509 3418 560 3480; x_wconf 84' lang='lat'>89.</span> <span class='ocrx_word' id='word_1_224' title='bbox 603 3416 742 3500; x_wconf 88' lang='lat' dir='ltr'>Insignis</span> <span class='ocrx_word' id='word_1_225' title='bbox 766 3415 858 3480; x_wconf 90' lang='lat' dir='ltr'>locus</span> <span class='ocrx_word' id='word_1_226' title='bbox 882 3427 933 3480; x_wconf 90' lang='lat' dir='ltr'>est</span> <span class='ocrx_word' id='word_1_227' title='bbox 967 3414 1052 3498; x_wconf 91' lang='lat' dir='ltr'>apud</span> <span class='ocrx_word' id='word_1_228' title='bbox 1090 3410 1301 3475; x_wconf 88' lang='lat' dir='ltr'>Aristotelem</span> 
     </span>
     <span class='ocr_line' id='line_1_30' title="bbox 179 3513 1304 3602; baseline -0.004 -25"><span class='ocrx_word' id='word_1_229' title='bbox 179 3513 358 3599; x_wconf 85' lang='lat' dir='ltr'>-Rhet.111‚</span> <span class='ocrx_word' id='word_1_230' title='bbox 393 3519 424 3600; x_wconf 88' lang='lat'>8,</span> <span class='ocrx_word' id='word_1_231' title='bbox 462 3520 516 3602; x_wconf 88' lang='lat' dir='ltr'>qui</span> <span class='ocrx_word' id='word_1_232' title='bbox 549 3521 582 3581; x_wconf 92' lang='lat' dir='ltr'>in</span> <span class='ocrx_word' id='word_1_233' title='bbox 612 3520 815 3602; x_wconf 87' lang='lat' dir='ltr'>expositione</span> <span class='ocrx_word' id='word_1_234' title='bbox 850 3539 962 3583; x_wconf 91' lang='lat' dir='ltr'>eorum</span> <span class='ocrx_word' id='word_1_235' title='bbox 993 3516 1215 3602; x_wconf 89' lang='lat' dir='ltr'>rhythmorum</span> <span class='ocrx_word' id='word_1_236' title='bbox 1249 3513 1304 3594; x_wconf 87' lang='lat' dir='ltr'>qui</span> 
     </span>
     <span class='ocr_line' id='line_1_31' title="bbox 176 3620 1304 3706; baseline -0.003 -25"><span class='ocrx_word' id='word_1_237' title='bbox 176 3620 310 3702; x_wconf 79' lang='lat' dir='ltr'>¹&#39;prosae</span> <span class='ocrx_word' id='word_1_238' title='bbox 333 3622 469 3685; x_wconf 86' lang='lat' dir='ltr'>orationi</span> <span class='ocrx_word' id='word_1_239' title='bbox 493 3623 694 3705; x_wconf 88' lang='lat' dir='ltr'>conveniant,</span> <span class='ocrx_word' id='word_1_240' title='bbox 717 3633 889 3706; x_wconf 74' lang='lat' dir='ltr'>postquam</span> <span class='ocrx_word' id='word_1_241' title='bbox 911 3642 1015 3705; x_wconf 85' lang='lat' dir='ltr'>genus</span> <span class='ocrx_word' id='word_1_242' title='bbox 1037 3637 1198 3702; x_wconf 86' lang='lat' dir='ltr'>paeonum</span> <span class='ocrx_word' id='word_1_243' title='bbox 1225 3636 1304 3698; x_wconf 87' lang='lat' dir='ltr'>prae</span> 
     </span>
     <span class='ocr_line' id='line_1_32' title="bbox 192 3721 1305 3809; baseline -0.004 -22"><span class='ocrx_word' id='word_1_244' title='bbox 192 3726 310 3788; x_wconf 90' lang='lat' dir='ltr'>ceteris</span> <span class='ocrx_word' id='word_1_245' title='bbox 333 3723 527 3809; x_wconf 89' lang='lat' dir='ltr'>designavit,</span> <span class='ocrx_word' id='word_1_246' title='bbox 550 3727 709 3808; x_wconf 91' lang='lat' dir='ltr'>principio</span> <span class='ocrx_word' id='word_1_247' title='bbox 727 3747 811 3808; x_wconf 90' lang='lat' dir='ltr'>eum,</span> <span class='ocrx_word' id='word_1_248' title='bbox 825 3727 911 3809; x_wconf 90' lang='lat' dir='ltr'>quia</span> <span class='ocrx_word' id='word_1_249' title='bbox 929 3724 1026 3808; x_wconf 85' lang='lat' dir='ltr'>longa</span> <span class='ocrx_word' id='word_1_250' title='bbox 1043 3721 1166 3806; x_wconf 89' lang='lat' dir='ltr'>syllaba</span> <span class='ocrx_word' id='word_1_251' title='bbox 1185 3721 1305 3802; x_wconf 87' lang='lat' dir='ltr'>incipe-</span> 
     </span>
     <span class='ocr_line' id='line_1_33' title="bbox 191 3823 1304 3914; baseline -0.005 -22"><span class='ocrx_word' id='word_1_252' title='bbox 191 3840 242 3893; x_wconf 89' lang='lat' dir='ltr'>ret</span> <span class='ocrx_word' id='word_1_253' title='bbox 254 3839 287 3892; x_wconf 86' lang='lat' dir='ltr'>et</span> <span class='ocrx_word' id='word_1_254' title='bbox 299 3829 403 3893; x_wconf 90' lang='lat' dir='ltr'>tribus</span> <span class='ocrx_word' id='word_1_255' title='bbox 417 3829 569 3894; x_wconf 83' lang='lat' dir='ltr'>brevibus</span> <span class='ocrx_word' id='word_1_256' title='bbox 582 3830 754 3914; x_wconf 87' lang='lat' dir='ltr'>desineret,</span> <span class='ocrx_word' id='word_1_257' title='bbox 779 3830 840 3894; x_wconf 89' lang='lat' dir='ltr'>snb</span> <span class='ocrx_word' id='word_1_258' title='bbox 855 3831 949 3893; x_wconf 85' lang='lat' dir='ltr'>linem</span> <span class='ocrx_word' id='word_1_259' title='bbox 966 3828 1020 3911; x_wconf 89' lang='lat' dir='ltr'>qui</span> <span class='ocrx_word' id='word_1_260' title='bbox 1033 3825 1185 3888; x_wconf 88' lang='lat' dir='ltr'>brevibus</span> <span class='ocrx_word' id='word_1_261' title='bbox 1201 3823 1304 3887; x_wconf 88' lang='lat' dir='ltr'>tribus</span> 
     </span>
     <span class='ocr_line' id='line_1_34' title="bbox 191 3930 1304 4023; baseline -0.004 -27"><span class='ocrx_word' id='word_1_262' title='bbox 191 3934 349 4023; x_wconf 76' lang='lat' dir='ltr'>inciperet</span> <span class='ocrx_word' id='word_1_263' title='bbox 371 3944 403 3997; x_wconf 91' lang='lat' dir='ltr'>et</span> <span class='ocrx_word' id='word_1_264' title='bbox 425 3934 521 4018; x_wconf 88' lang='lat' dir='ltr'>longa</span> <span class='ocrx_word' id='word_1_265' title='bbox 545 3935 722 4017; x_wconf 89' lang='lat' dir='ltr'>desineret,</span> <span class='ocrx_word' id='word_1_266' title='bbox 746 3934 931 4018; x_wconf 90' lang='lat' dir='ltr'>ponendum</span> <span class='ocrx_word' id='word_1_267' title='bbox 954 3930 1069 3996; x_wconf 90' lang='lat' dir='ltr'>suadet</span> <span class='ocrx_word' id='word_1_268' title='bbox 1083 3933 1128 4014; x_wconf 94' lang='lat'>¹),</span> <span class='ocrx_word' id='word_1_269' title='bbox 1151 3931 1304 3995; x_wconf 91' lang='lat' dir='ltr'>continuo</span> 
     </span>
    </p>
   </div>
   <div class='ocr_carea' id='block_1_5' title="bbox 192 4090 395 4100">
    <p class='ocr_par' dir='ltr' id='par_1_5' title="bbox 192 4090 395 4100">
     <span class='ocr_line' id='line_1_35' title="bbox 192 4090 395 4100; baseline -0.005 -4"><span class='ocrx_word' id='word_1_270' title='bbox 192 4090 228 4096; x_wconf 62' lang='grc'>...-</span> <span class='ocrx_word' id='word_1_271' title='bbox 234 4091 395 4100; x_wconf 41' lang='grc' dir='ltr'>ὴ-..ῃ</span> 
     </span>
    </p>
   </div>
   <div class='ocr_carea' id='block_1_6' title="bbox 229 4169 1305 4344">
    <p class='ocr_par' dir='ltr' id='par_1_6' title="bbox 229 4169 1305 4344">
     <span class='ocr_line' id='line_1_36' title="bbox 229 4169 1303 4246; baseline -0.005 -19"><span class='ocrx_word' id='word_1_272' title='bbox 229 4179 257 4243; x_wconf 83' lang='grc'>1)</span> <span class='ocrx_word' id='word_1_273' title='bbox 268 4174 348 4230; x_wconf 86' lang='lat' dir='ltr'>Hanc</span> <span class='ocrx_word' id='word_1_274' title='bbox 358 4175 516 4232; x_wconf 87' lang='lat' dir='ltr'>Aristotelis</span> <span class='ocrx_word' id='word_1_275' title='bbox 526 4182 642 4243; x_wconf 88' lang='lat' dir='ltr'>mentem</span> <span class='ocrx_word' id='word_1_276' title='bbox 652 4191 706 4232; x_wconf 89' lang='lat' dir='ltr'>non</span> <span class='ocrx_word' id='word_1_277' title='bbox 717 4172 1081 4246; x_wconf 85' lang='lat' dir='ltr'>perspexitVaterus&#39;quum</span> <span class='ocrx_word' id='word_1_278' title='bbox 1094 4176 1209 4224; x_wconf 87' lang='lat' dir='ltr'>tentaret</span> <span class='ocrx_word' id='word_1_279' title='bbox 1219 4169 1303 4222; x_wconf 85' lang='lat' dir='ltr'>rerba</span> 
     </span>
     <span class='ocr_line' id='line_1_37' title="bbox 262 4259 1305 4344; baseline -0.012 -22"><span class='ocrx_word' id='word_1_280' title='bbox 262 4272 303 4322; x_wconf 77' lang='lat' dir='ltr'>mr</span> <span class='ocrx_word' id='word_1_281' title='bbox 324 4264 366 4342; x_wconf 73' lang='lat' dir='ltr'>pla</span> <span class='ocrx_word' id='word_1_282' title='bbox 384 4264 426 4323; x_wconf 83' lang='grc' dir='ltr'>οὖν</span> <span class='ocrx_word' id='word_1_283' title='bbox 443 4276 547 4344; x_wconf 80' lang='grc' dir='ltr'>χρῶνται</span> <span class='ocrx_word' id='word_1_284' title='bbox 563 4271 598 4333; x_wconf 74' lang='grc' dir='ltr'>τῷ</span> <span class='ocrx_word' id='word_1_285' title='bbox 616 4262 651 4320; x_wconf 73' lang='lat' dir='ltr'>to</span> <span class='ocrx_word' id='word_1_286' title='bbox 667 4273 750 4318; x_wconf 77' lang='grc' dir='ltr'>παιᾶνι</span> <span class='ocrx_word' id='word_1_287' title='bbox 766 4261 807 4316; x_wconf 82' lang='grc' dir='ltr'>καὶ</span> <span class='ocrx_word' id='word_1_288' title='bbox 825 4259 962 4338; x_wconf 72' lang='grc' dir='ltr'>ἀρχόμενοι,</span> <span class='ocrx_word' id='word_1_289' title='bbox 985 4259 1039 4314; x_wconf 89' lang='lat' dir='ltr'>hoc</span> <span class='ocrx_word' id='word_1_290' title='bbox 1058 4265 1186 4325; x_wconf 68' lang='lat' dir='ltr'>est-uno</span> <span class='ocrx_word' id='word_1_291' title='bbox 1203 4273 1305 4325; x_wconf 83' lang='lat' dir='ltr'>genere</span> 
     </span>
    </p>
   </div>
   <div class='ocr_carea' id='block_1_7' title="bbox 0 0 1474 4822">
    <p class='ocr_par' dir='ltr' id='par_1_7' title="bbox 0 0 1474 4822">
     <span class='ocr_line' id='line_1_38' title="bbox 0 0 1474 4822; baseline 0 0"><span class='ocrx_word' id='word_1_292' title='bbox 0 0 1474 4822; x_wconf 95' lang='lat' dir='ltr'> </span> 
     </span>
    </p>
   </div>
  </div>
 </body>
</html>
