2902 4822
693 400 695 407 ’
773 447 827 522 84

239 637 338 703 modo
360 635 507 702 adnotari
530 645 604 701 ante
627 635 777 720 coeptum
800 657 887 720 esse,
911 656 1006 720 quam
1028 637 1357 722 horum'scriptornm

238 742 395 827 reliquiae
417 741 634 825 undecunque
656 740 813 807 collectae
836 751 869 805 et
890 741 1067 823 dispositae
1100 754 1232 826 essent,
1267 744 1357 828 quod

238 857 404 930 quantum⁴
429 855 520 910 certe
542 845 583 910 ad
611 845 757 910 scholam
780 844 1075 911 Alexandrinorum
1102 845 1144 909 ab
1167 844 1355 911 Alexandro

237 959 271 1014 et
300 948 519 1036 Lycophrona
550 950 670 1014 sactum
700 969 775 1014 esse
805 947 962 1013 Scholion
989 945 1172 1014 Plautinum
1206 959 1355 1015 testatur.

236 1052 353 1139 Neque
371 1055 413 1119 de
430 1053 601 1119 Zenodoto
619 1056 753 1119 istarum
770 1064 917 1119 notarum
935 1044 1069 1117 auctore
1086 1054 1222 1137 cogitari
1233 1063 1354 1138 potest,

236 1178 335 1244 quum
368 1161 465 1224 etiam
494 1160 645 1224 scenicos
681 1168 797 1243 poetas
831 1178 904 1222 eum
935 1158 1083 1242 attigisse
1113 1158 1207 1241 plane
1232 1160 1355 1225 incom-

211 1272 366 1348 pertum
397 1267 457 1330 sit:
491 1266 588 1329 immo
617 1266 651 1327 in
680 1265 750 1328 eins
780 1262 921 1326 muneris
944 1260 1107 1344 partibus,
1138 1261 1225 1346 qnod
1251 1263 1285 1327 in
1306 1264 1355 1327 is·

240 1369 395 1433 struenda
437 1369 634 1434 bibliotheca
671 1366 889 1433 Alexandrina
932 1365 995 1447 ipsi
1029 1365 1216 1429 mandatum
1251 1377 1352 1450 esset,

127 1538 131 1545 ,
234 1469 314 1536 illud
349 1492 454 1557 genus
497 1473 693 1556 scriptorum
734 1490 798 1534 non
831 1469 948 1549 fuisse,
994 1487 1036 1530 ex
1069 1467 1185 1531 eodem
1218 1465 1352 1533 Scholio

235 1587 373 1642 constat.
419 1577 504 1659 Quid
537 1575 657 1662 igitur?
693 1573 860 1638 Delabitur
897 1592 951 1635 res
983 1572 1024 1635 ad
1057 1572 1251 1655 discipulum
1280 1573 1352 1637 eius

234 1683 507 1767 Aristophanem,
553 1701 649 1765 quem
687 1680 791 1742 omnia
834 1678 862 1741 si
904 1676 1100 1761 colliguntur
1139 1676 1278 1742 suadent
1296 1710 1299 1715 ·
1317 1685 1353 1739 ut

235 1788 485 1854 dramaticorum
519 1786 641 1869 scripta
655 1833 658 1841 .
674 1786 759 1849 notis
793 1784 981 1848 distinxisse
1014 1792 1202 1848 statuamus.
1246 1783 1351 1866 Quam

232 1892 318 1956 enim
349 1892 414 1955 isto
448 1888 547 1953 modo
580 1887 740 1952 Alcaeum
775 1898 865 1951 certo
903 1897 1035 1950 notasse
1069 1887 1206 1969 scimus,
1242 1905 1351 1951 nonne

233 1992 380 2058 eundem
394 1992 530 2057 eandem
557 2010 689 2074 operam
712 1991 808 2054 etiam
831 1991 1005 2073 dramatis,
1040 1991 1074 2053 in
1097 1990 1214 2073 quibus
1237 2009 1351 2055 recen·

232 2097 342 2162 sendis
376 2095 478 2160 altero
508 2096 573 2159 isto
603 2105 754 2160 notarum
784 2115 905 2179 genere
927 2095 1040 2159 critico
1064 2114 1142 2157 usus
1164 2093 1234 2176 tuit,
1257 2114 1349 2177 prae·

230 2202 353 2266 stitisse
386 2202 457 2264 iure
494 2202 636 2285 quodam
678 2199 910 2264 censebtmnst
955 2198 1030 2261 Non
1066 2197 1230 2262 sufficiunt
1268 2199 1349 2265 haec

232 2305 275 2369 ad
306 2305 498 2369 evidentiam
531 2307 588 2369 rei.
633 2303 701 2368 Sed
730 2304 848 2369 adsunt
880 2304 942 2367 alia
974 2312 1173 2387 argumenta,
1209 2322 1347 2387 quorum

230 2410 376 2495 pondere
410 2411 490 2474 certi
526 2410 664 2475 alicuius
700 2411 876 2474 testimonii
905 2408 1057 2492 penuria,
1094 2407 1226 2490 opinor,
1259 2427 1347 2474 com·

231 2514 429 2596 pensabitur.

722 2669 760 2745 ’8.
792 2669 844 2734 26.

233 2792 580 2865 Dedristophanis
614 2807 697 2849 com.
727 2793 867 2851 fabulis
903 2795 944 2851 ah
973 2793 1236 2867 Aristophane
1259 2795 1345 2868 llya.

518 2894 670 2951 metrice
692 2900 728 2951 et
750 2895 885 2952 critice
908 2896 1062 2955 notatis.
1102 2958 1105 2963 ,

320 3030 372 3096 Ac
394 3032 530 3113 primum
555 3029 595 3092 de
618 3028 844 3112 Aristophanis
868 3031 983 3094 comici
1016 3030 1132 3095 fabulis
1162 3031 1346 3114 dicendum,

232 3132 274 3196 de
297 3133 415 3216 quibus
436 3153 490 3196 res
518 3132 687 3216 explorata
714 3134 817 3197 videri
841 3134 984 3216 deberet,
1017 3136 1047 3198 si
1068 3135 1176 3199 locum
1199 3134 1347 3201 Scholio-

233 3254 304 3297 rum
329 3254 370 3298 ex
391 3233 541 3299 Nubibus
564 3254 663 3317 supra
686 3245 856 3301 tractatum
879 3258 952 3302 cum
969 3237 1117 3303 Nauckio
1138 3241 1171 3302 in
1194 3239 1347 3303 auxilinm

234 3355 353 3427 vocare
376 3336 498 3401 liceret.
542 3335 754 3403 Revertamur
776 3342 874 3426 igitur
896 3343 937 3405 ad
968 3340 1258 3427 Hephaestionem,
1293 3343 1347 3427 qui

235 3459 335 3524 quum
355 3451 461 3524 notas,
497 3442 614 3525 quibus
636 3442 754 3525 poetae
788 3444 845 3525 (ita
868 3448 925 3524 ait)
955 3448 987 3510 in
1020 3449 1165 3530 ipsorum
1193 3442 1347 3530 operibus

232 3543 467 3630 distinguendis
490 3546 541 3609 usi
564 3556 694 3630 essent,
731 3552 904 3633 enarravit,
937 3553 1192 3637 paragraphum,
1221 3551 1348 3617 coroni-

233 3645 318 3729 dem,
352 3647 469 3730 diplam
503 3659 672 3733 utramque
705 3649 770 3734 (τὴν
792 3651 853 3724 ἔξω
876 3661 1038 3718 νενευκυῖαν
1060 3650 1110 3718 καὶ
1129 3653 1180 3738 τὴν
1202 3653 1283 3736 ἔσω)
1315 3663 1348 3717 et

230 3751 433 3836 asteriscum,
456 3754 490 3816 in
513 3773 576 3837 qua
598 3762 767 3836 poetarum
790 3758 981 3822 recensione
1000 3760 1113 3824 unicos
1132 3757 1254 3842 lyricos
1273 3776 1347 3822 eum

231 3861 402 3936 spectasse
431 3856 608 3919 notandum
639 3864 700 3936 est,
730 3856 780 3919 his
810 3860 931 3942 pergit:
954 3858 1093 3946 antron,
1126 3866 1187 3935 τοῖς
1218 3859 1348 3944 σημείοις

229 3964 292 4032 τοῖς
313 3955 546 4045 προειρημένοις,
576 3958 652 4045 ’πλὴν
674 3966 728 4024 τοῦ
760 3956 947 4047 conspicuos,
979 3961 1164 4051 καῖ’ἑτέροις
1180 3962 1260 4048 mci,
1281 3960 1348 4048 περὶ

224 4055 273 4126 ,ὧν
307 4057 449 4148 λέξομεν,
484 4061 513 4128 ἐν
545 4071 608 4139 τοῖς
643 4059 772 4149 δράμασι
807 4063 974 4151 χρώμεθα;
1018 4068 1135 4153 quibus
1168 4089 1252 4153 quae
1285 4069 1347 4133 iam

230 4163 485 4251 subiunguntur,
517 4187 557 4231 ea
590 4168 632 4233 ad
654 4167 852 4232 comicorum
885 4180 987 4235 artem
1019 4173 1158 4236 nuxime
1186 4180 1346 4255 spectant,

230 4286 337 4355 neque
359 4279 468 4335 tamen
488 4269 534 4336 ita
566 4281 602 4337 nt
622 4271 739 4358 tragici
773 4274 886 4359 ntique
914 4275 1040 4342 exclusi
1067 4276 1175 4362 putari
1197 4274 1346 4342 debeant
