2902 4822
657 438 735 515 tet

140 627 314 697 Confirmat
336 629 553 715 Hieronymus
574 630 681 695 Praei.
711 632 754 697 ad
774 631 1047 701 Pentateuchum:
1081 635 1250 720 »origenis

138 754 191 799 me
224 735 364 801 studium
396 737 600 819 provocavit,
635 737 690 820 qui
720 736 854 801 editioni
886 739 1036 823 antiquae
1067 738 1251 805 translatio·

138 858 211 903 nem
233 837 464 907 Theodotionis
486 841 643 923 miscuit,
676 844 835 909 asterisco
864 853 897 908 et
924 844 1022 911 obelo
1049 864 1132 931 opus
1154 865 1252 913 omne

140 941 372 1031 distinguens.t
960 958 964 963 '
1130 998 1133 1005 -

223 1046 294 1113 Nec
321 1060 429 1114 tamen
458 1070 544 1135 quae
573 1050 679 1117 adhue
708 1051 801 1125 attuli
821 1053 985 1119 sufficiunt
1011 1055 1054 1119 sd
1075 1054 1251 1138 expedien-

138 1150 214 1216 dum
237 1152 321 1217 hune
342 1153 450 1219 loeurn
471 1155 554 1219 miro
576 1155 674 1221 modo
695 1156 887 1240 intricatum,
910 1159 944 1221 in
965 1178 1030 1242 quo
1056 1157 1252 1225 illustrando

137 1256 307 1321 desudavit
328 1278 403 1323 cnm
424 1257 497 1323 aliis
518 1278 571 1323 me
592 1260 698 1325 iudice
716 1259 838 1325 frustra
858 1260 1148 1329 Montefalconius:
1181 1265 1249 1349 qui,

137 1361 281 1444 explosis
302 1362 506 1445 superiorum
528 1364 715 1429 criticorum
734 1364 925 1429 commentis
943 1366 1053 1448 variis,
1076 1376 1249 1452 postquam

137 1475 236 1529 tetam
264 1464 350 1529 iilam
373 1466 415 1531 de
435 1467 479 1531 66
506 1467 641 1551 paribus
670 1469 882 1551 interpretum
903 1478 937 1533 et
958 1470 1000 1535 de
1026 1469 1161 1535 totidem
1182 1471 1255 1535 eel·:

137 1568 211 1633 lulis
230 1571 445 1635 narrationem
457 1568 638 1656 Epiphanii,
658 1573 779 1656 quippe
797 1593 881 1657 quae
897 1575 961 1639 iarn
976 1574 1126 1660 ablegata
1145 1586 1246 1659 esset,

137 1672 258 1755 reiecit,
280 1673 469 1739 recredere
490 1674 619 1739 tandem
642 1676 812 1758 protessus
824 1688 874 1739 est
886 1677 983 1759 p.84,
1010 1675 1248 1761 ehypolemnis·

137 1796 210 1841 curn
230 1787 309 1841 tune
329 1778 513 1861 appositum
534 1778 656 1861 inisse,
689 1799 790 1863 quum
816 1777 914 1843 lectio
942 1778 997 1845 illa
1025 1790 1135 1845 notata
1156 1778 1246 1845 LXX

135 1879 345 1962 interpretum
375 1880 482 1949 solum
510 1890 597 1966 erat,¹
630 1882 720 1967 quod
747 1901 813 1945 nno
842 1880 958 1947 subtus
991 1882 1108 1947 lincam
1138 1883 1247 1966 posito

134 1995 262 2066 puncto¹
284 1984 503 2068 indicabatur,
536 1986 728 2053 lemnisenm
749 2006 830 2051 vero
860 2006 934 2051 cum
957 1987 1082 2053 dante
1106 1988 1246 2070 putretis,

135 2086 263 2170 quaudo
284 2107 349 2153 non
370 2088 460 2153 LXX
480 2091 692 2174 interpretum
712 2099 855 2171 tantum,
885 2089 945 2153 sed
972 2090 1071 2159 etiarn
1097 2087 1247 2154 Theodo·

134 2192 231 2257 tionis
258 2202 355 2257 erata
401 2192 492 2275 Quae
520 2196 680 2259 sententia
712 2194 766 2259 vel
794 2212 836 2257 eo
857 2193 1068 2277 reprobatur,
1094 2192 1190 2277 quod
1211 2194 1256 2258 in¹

134 2303 203 2361 toto
223 2293 287 2365 hoc
308 2295 383 2361 loeo
403 2294 573 2380 Epiphanii
595 2297 673 2363 nihil
701 2298 742 2362 de
765 2296 831 2361 ulla
852 2297 912 2362 atta
942 2318 1057 2365 sacrae
1078 2299 1258 2379 scipturar-

134 2402 393 2485 interpretatione
416 2422 512 2485 quam
533 2422 617 2487 quae
638 2422 698 2486 per
714 2400 807 2465 txx
828 2402 912 2467 faeta
934 2412 987 2467 est
1008 2418 1241 2467 commemora·

134 2516 206 2571 tur:
238 2527 344 2592 neque
364 2505 523 2572 caleulum
545 2507 618 2571 tulit
638 2506 842 2588 Eiehhornii,
868 2505 912 2571 de
936 2514 1101 2590 potestate
1124 2506 1245 2571 utrius·

135 2632 199 2696 que
219 2610 365 2678 lemnisci
387 2612 468 2677 certi
495 2612 667 2697 quicquam
699 2612 776 2677 sciri
810 2629 910 2694 posse
943 2614 1090 2696 negantis
1112 2632 1143 2695 p.
1166 2611 1241 2675 496.

133 2713 358 2783 Retraetaturo
390 2717 454 2781 iam
485 2716 563 2780 mihi
594 2736 668 2781 rern-
691 2726 767 2779 ante
797 2715 903 2779 omnia
926 2714 1140 2799 monendum,
1175 2734 1242 2779 non

134 2819 186 2903 agi
204 2818 250 2883 de
269 2818 376 2903 aliqua
398 2818 588 2902 differentia,
611 2838 694 2903 quae
712 2816 902 2883 Hebraicam
921 2818 1005 2883 inter
1026 2830 1060 2882 et
1082 2817 1243 2883 Graecam

134 2924 326 3006 scripturam
357 2932 486 3007 reperta
507 2930 613 3006 esset,
645 2920 706 2987 sed
728 2920 770 2985 de
790 2920 900 3005 aliquo
922 2920 1075 2985 dissensu
1096 2922 1245 3003 ipsorum

133 3025 226 3091 LXX
248 3028 479 3111 interpretum,
514 3047 598 3112 quos
627 3027 656 3090 si
677 3024 821 3107 vulgaris
850 3023 936 3089 sama
966 3024 1030 3089 sert
1057 3023 1135 3088 nihil
1159 3023 1246 3087 inter

134 3148 210 3193 sese
230 3130 451 3215 discrepasse,
484 3140 591 3195 tamen
623 3127 763 3194 indubiis
784 3126 942 3210 exemplis
971 3134 1100 3191 constat
1121 3123 1259 3210 aliquo«,

134 3232 195 3297 ties
215 3253 331 3299 revera
356 3255 416 3300 eos
444 3256 557 3301 seeum
579 3233 775 3314 dissedisse,
810 3231 900 3316 quod
922 3232 1070 3298 crebrius
1102 3231 1245 3297 fortasse

135 3358 231 3422 quarn
252 3360 337 3407 nuno
358 3341 460 3427 liquet
481 3342 685 3424 suspicamur
706 3336 867 3403 aeeidiese
874 3358 885 3419 3
908 3348 977 3401 tum
997 3339 1031 3401 in
1044 3336 1244 3403 enucleanda

134 3451 167 3506 et
189 3443 357 3531 iudicanda
378 3445 547 3531 Epiphanii
569 3444 749 3510 narratione
770 3440 860 3506 nullo
882 3442 979 3507 modo
1008 3461 1109 3526 posse
1130 3441 1245 3523 omitti,

135 3566 217 3630 quae
238 3547 280 3611 de
300 3547 420 3614 laboris
440 3550 615 3633 partitione
635 3566 696 3632 per
716 3547 760 3611 66
780 3546 871 3628 paria
892 3545 999 3630 deque
1015 3544 1152 3627 eettutis,
1175 3543 1245 3626 qui·

132 3646 195 3711 hus
215 3649 341 3715 inclusa
370 3650 496 3736 singula
516 3651 674 3732 fuissent,
701 3646 789 3713 idem
810 3647 987 3712 tradiderit
1038 3646 1147 3730 Atque
1169 3642 1245 3730 Epi-

133 3752 269 3834 phnnius
291 3775 375 3839 quae
395 3755 552 3838 retulerit,
573 3755 637 3819 etsi
657 3752 766 3819 omnin
786 3751 882 3837 piena
903 3750 1042 3817 salebris
1065 3746 1244 3817 esseMou·

133 3856 324 3923 teiaieonius
356 3859 419 3925 tl.
442 3869 641 3944 conquestus
672 3859 732 3942 sit,
761 3867 869 3923 tamen
897 3856 960 3921 alio
992 3856 1078 3921 duee
1098 3854 1147 3921 uti
1167 3854 1240 3938 ipae

134 3961 225 4027 nesae
246 3962 381 4045 putavit.
424 3961 588 4027 Habemus
616 3963 716 4048 igitur
747 3970 833 4027 teste
863 3959 1047 4045 Epiplianio
1077 3959 1122 4024 66
1152 3958 1244 4046 paria

133 4065 356 4149 interpretum,
388 4066 504 4151 quibus
526 4064 759 4150 interpretandi
779 4082 898 4154 munus
930 4064 993 4129 hac
1019 4063 1093 4152 iege
1114 4062 1245 4129 manda·

133 4177 202 4233 tum
224 4169 294 4251 tuit,
318 4176 353 4235 ut
374 4170 460 4235 serie
481 4169 631 4254 quadam,
653 4186 751 4253 quarn
772 4167 802 4261 si
823 4167 1021 4259 ignoramus,
1043 4164 1129 4231 haud
1144 4181 1244 4248 aegre

134 4269 284 4359 ierimus,
302 4274 488 4357 constituta,
509 4292 594 4341 unus
616 4271 755 4365 quiaque
775 4268 932 4345 librorum
951 4288 1129 4345 tetrorum,
1141 4262 1246 4347 xxu,
