2902 4822
711 444 784 522 251

194 637 246 704 hic
267 641 408 726 positum
432 656 516 706 esse.
560 640 639 703 item
660 639 754 704 iocus
782 649 916 723 quartus
939 637 1068 722 (plures
1093 655 1159 700 non
1187 633 1302 718 depre-

192 745 303 820 hendi)
326 745 407 813 Aen.
428 744 469 830 V,
491 745 575 808 709:
1095 759 1100 817 1
1303 817 1306 821 ⁸

320 849 409 915 Note
432 849 504 930 deo,
528 870 591 934 quo
608 848 686 934 fata
708 847 842 914 traduat
862 847 1096 930 retratmtqua
1116 861 1299 928 semmua,

192 954 252 1017 nisi
273 953 415 1019 dicamus
434 963 576 1018 notatum
595 955 636 1018 ob
652 954 841 1017 sententiam
854 969 1067 1032 communem,
1091 948 1183 1013 cuius
1201 965 1300 1032 gene-

191 1059 236 1121 ris
248 1059 443 1123 notationem
461 1059 542 1123 inira
553 1060 585 1122 in
599 1059 730 1123 Lucano
747 1055 974 1140 producemus.
998 1055 1142 1118 Incertae
1161 1051 1299 1134 denique

189 1163 321 1227 rationis
340 1174 414 1227 sunt
433 1183 515 1247 quae
533 1172 700 1246 praeterea
720 1160 821 1225 semel
839 1161 967 1246 quidem
985 1159 1190 1243 reperiuntur
1206 1155 1299 1240 signa

189 1259 231 1390 x2(
252 1330 285 1384 et
301 1270 331 1384 di
347 1319 418 1403 (vel
434 1269 491 1405 d),
509 1340 647 1405 quorum
661 1319 724 1384 hoc
737 1318 970 1403 praescriptum
983 1324 1033 1380 est
1044 1313 1162 1400 Georg.
1176 1313 1200 1397 1,
1214 1312 1296 1378 482:

312 1435 483 1519 fluuiorum
505 1453 564 1496 rex
585 1431 760 1513 Eridanus,
782 1450 977 1515 camposque
996 1449 1059 1514 per
1079 1449 1197 1509 umnec,

187 1544 248 1608 nisi
269 1545 353 1609 forte
375 1547 557 1610 adnotatori
575 1543 767 1609 insolentem
789 1543 822 1607 in
845 1563 926 1607 voce
939 1544 1112 1627 fluviorum
1133 1540 1296 1626 synizesin

188 1649 358 1734 designare
380 1652 485 1715 visum
507 1659 572 1732 est3
596 1650 649 1714 vel
671 1651 759 1736 quod
780 1671 852 1731 reat,
877 1649 928 1713 cui
951 1647 1025 1712 voci
1044 1644 1227 1729 subscripta
1245 1651 1295 1707 est
1376 1694 1379 1704 .

185 1752 311 1837 lineola,
321 1757 491 1841 fluviorum
500 1753 661 1819 Eridanus
672 1755 769 1838 paulo
783 1754 985 1838 arrogantius
1000 1752 1119 1816 dictum
1133 1749 1295 1815 existima·

185 1866 251 1920 tum
264 1867 325 1941 est,
338 1879 403 1943 quo
415 1861 484 1943 ipsa
499 1857 603 1924 Servii
615 1858 778 1924 adnotatio
790 1865 932 1942 spectat:
960 1857 1102 1923 „Padum
1114 1856 1198 1921 dicit.
1217 1850 1294 1919 Flu·

184 1963 307 2027 ciorum
328 1974 525 2043 automata,
550 1983 609 2047 per
626 1962 766 2047 ltaliam3
788 1972 845 2027 aut
869 1972 957 2028 certe
977 1983 1036 2046 per
1049 1971 1152 2025 totum
1169 1958 1291 2039 orbem,
1318 1977 1321 1988 ·

184 2067 361 2133 seeundum
387 2067 474 2153 quod
493 2068 570 2133 dicit
587 2068 737 2133 Lucanus
757 2078 838 2133 etna
881 2067 962 2132 lllud
974 2067 1056 2130 Aen.
1070 2063 1111 2148 V,
1123 2065 1204 2128 489:

312 2202 374 2268 quo
397 2181 534 2246 tendant
547 2181 682 2266 ferrum,
708 2180 796 2247 malo
820 2180 985 2267 suspendit
1005 2178 1047 2244 ab
1069 2177 1150 2259 alto,

181 2293 235 2357 ubi
258 2293 333 2358 nolo
362 2293 426 2359 buc
450 2295 573 2357 referre
603 2293 691 2378 quod
717 2293 853 2359 Servius
876 2293 1051 2376 adnotavit,
1080 2310 1142 2378 quo
1176 2308 1235 2374 pro
1258 2287 1291 2352 ia

183 2418 279 2481 quom
302 2398 420 2463 dictum
443 2419 528 2463 esse.

266 2518 426 2585 Revertor
443 2521 484 2585 ad
497 2520 652 2604 Probum,
676 2506 768 2586 cuius
780 2522 901 2595 notatio
915 2521 1037 2586 merito
1046 2519 1225 2606 quaesitum
1239 2527 1291 2582 est

180 2642 222 2684 an
243 2644 306 2687 una
329 2646 401 2690 cum
425 2626 640 2710 adnotatione,
675 2626 750 2690 licet
772 2645 832 2710 pro
854 2644 945 2691 more
967 2626 1069 2690 critici
1092 2625 1189 2690 huius
1216 2624 1291 2687 bre·

180 2727 312 2792 vissima
332 2729 501 2804 coniuncta
522 2732 628 2797 fuerit.
656 2730 753 2815 Quod
769 2732 890 2796 iactum
903 2729 1005 2796 videri
1024 2743 1113 2794 recte
1127 2727 1288 2812 Bergkius

178 2829 347 2896 affirmavit
368 2833 419 2898 his
441 2854 471 2916 p.
495 2835 574 2897 122:
602 2836 737 2900 nanders
760 2836 885 2901 verbilt
907 2856 943 2901 es
966 2835 1035 2900 sieb
1058 2835 1208 2920 dagegen
1230 2833 1287 2895 mit

179 2933 240 2998 den
262 2937 440 3023 Ausgaben
472 2937 530 3001 des
552 2935 691 3021 Probus,
725 2940 796 3005 hier
817 2960 929 3006 waren
963 2939 1051 3004 wohl
1081 2934 1207 3003 tiberall
1228 2955 1288 2999 zur

176 3037 397 3128 Begriindung
426 3043 490 3107 und
513 3041 714 3130 Erbrterung
743 3064 839 3110 wenn
871 3045 953 3110 auch
976 3047 1072 3110 meist
1093 3045 1196 3108 kurze
1219 3042 1286 3106 An·

176 3143 375 3230 merkungen
398 3145 563 3234 beigetirgt
596 3148 661 3212 und
685 3149 737 3213 die
759 3146 922 3235 Excerpte
952 3151 1005 3216 bei
1032 3149 1167 3215 Servius
1189 3169 1220 3214 u.
1243 3149 1283 3214 A.

175 3247 317 3313 erhalten
351 3260 419 3315 erst
445 3250 527 3334 jetzt
548 3252 651 3317 durch
672 3252 730 3320 das
754 3255 948 3321 Anecdoton
980 3256 1030 3321 ihr
1051 3256 1180 3322 rechtes
1203 3254 1293 3333 Ver»¹

173 3353 348 3437 staindniss,
377 3355 441 3420 fast
463 3357 661 3422 simmtliche
684 3357 917 3448 Ant'o'brungen
948 3362 1056 3427 lassen
1086 3360 1156 3427 sich
1178 3361 1283 3427 sufort

171 3455 231 3518 auf
249 3456 338 3521 disse
370 3456 476 3523 Noten
497 3460 767 3547 zurucktuhren‚a
801 3466 917 3550 quibus
947 3467 1032 3531 idem
1062 3487 1094 3551 p.
1121 3466 1183 3529 123
1205 3465 1282 3529 sub-

169 3560 282 3646 iungit,
318 3564 424 3627 omnia
447 3584 530 3647 quae
552 3564 652 3630 Probi
674 3569 803 3632 nomine
825 3589 842 3632 a
867 3568 983 3634 Servio
1006 3569 1186 3652 laudentur,
1217 3568 1281 3633 Va·

169 3662 248 3747 lenio
271 3666 346 3730 huic
361 3665 471 3729 Probo
494 3667 692 3757 adsignanda
716 3691 799 3736 esse.
833 3673 1012 3756 Postrema,
1036 3675 1098 3737 iam
1121 3686 1278 3758 occupata

168 3778 199 3828 et
232 3768 327 3834 docte
350 3780 485 3835 tractata
515 3793 534 3838 a
557 3773 713 3842 Lerschio
742 3775 777 3841 Z.
806 3778 827 3842 f.
852 3779 881 3842 d.
904 3779 1040 3843 Altertb.
1072 3800 1102 3862 p.
1127 3779 1199 3863 111,
1223 3784 1279 3868 qui

168 3888 266 3934 unum
281 3885 368 3938 certe
387 3874 507 3959 locum,
531 3881 586 3963 qui
603 3877 734 3946 Valerio
754 3893 843 3947 recte
862 3883 959 3948 tribui
975 3893 1124 3969 nequeat,
1148 3888 1276 3970 exemit,

167 3973 326 4041 alterioris
348 3989 424 4045 sunt
445 3979 614 4068 indaginis,
638 4005 733 4071 quam
757 3997 792 4051 ut
814 3987 866 4052 bic
886 3988 1013 4053 absolvi
1032 3991 1174 4072 possint:
1196 3992 1278 4057 haec

166 4089 200 4139 ut
224 4081 364 4144 nuncin
387 4083 490 4149 medio
514 4087 672 4173 relinquo,
709 4092 775 4156 vita
805 4095 833 4158 si
855 4094 1009 4176 suppetit,
1038 4095 1101 4160 alio
1132 4108 1276 4182 tempore

163 4184 369 4268 resumenda,
398 4189 440 4252 ita
462 4191 567 4274 probo
590 4212 676 4276 quae
697 4195 738 4259 de
760 4196 933 4261 adnotandi
950 4200 1086 4265 ratione
1113 4200 1274 4266 Probiana

162 4295 238 4368 post
259 4287 448 4356 Lersebium
480 4293 566 4359 idem
588 4299 780 4365 sentientem
812 4320 845 4385 p.
869 4301 940 4369 tta·
959 4301 1121 4391 Bergitius
1152 4306 1272 4372 statuit.
