2902 4822
682 369 763 509 201⁴

170 615 291 690 criticis
307 679 308 682 ,
325 626 520 709 praesertim
548 623 755 688 Aristarchiis
788 636 940 707 usurpata
974 624 1041 687 suit
1079 621 1158 686 Eius
1192 623 1275 686 enim

171 731 233 812 vis,
269 728 322 793 ubi
346 727 602 792 discriminandis
625 726 761 791 alicuius
784 728 930 811 corporis
963 727 1104 790 universi
1131 726 1277 808 partibus
1365 717 1378 728 χ

171 832 307 918 singulis
331 831 471 896 adhibita
495 839 561 910 est,
595 829 699 892 minus
723 829 764 893 ad
787 831 942 911 criticam,
975 846 1071 912 qnam
1104 830 1212 912 potius
1236 828 1276 892 ad

173 936 365 1000 rhetoricam
401 931 559 1017 quandam
598 931 730 995 notandi
762 933 917 996 rationem
951 943 1087 1015 spectat.
1142 930 1276 996 Unicum

168 1039 257 1102 iilum
281 1038 389 1102 locum
412 1055 487 1100 esse
510 1035 585 1115 dixi,
611 1035 870 1119 quandoquidem
890 1035 982 1116 alter,
1005 1057 1099 1118 qttem
1122 1035 1277 1119 indagare

171 1143 273 1224 potui,
296 1142 439 1204 incertae
462 1138 654 1202 conditionis
677 1149 737 1221 est,
762 1137 798 1219 ΙΙ,
822 1139 875 1221 64,
906 1152 970 1224 quo
994 1140 1034 1202 ad
1058 1139 1155 1223 verba
1185 1138 1280 1203 καίτοι
1319 1128 1321 1132 ’

169 1242 235 1329 ἐμοὶ
258 1245 462 1308 adnotatum:
496 1240 720 1326 παραμραφικὸν
744 1238 773 1305 ἐν
796 1239 945 1326 δεινότητι,
968 1242 1091 1307 scilicet
1113 1241 1153 1306 ad
1176 1241 1279 1305 extol·

167 1347 294 1412 leudam
319 1348 514 1433 'dignitatem
548 1356 708 1429 personae
739 1345 901 1428 loquentis
935 1347 1160 1431 gravissimae:
1196 1365 1278 1428 quae

168 1451 366 1531 observatio,
389 1452 416 1514 si
439 1470 570 1513 sensum
594 1460 682 1511 recte
696 1461 892 1531 assequutus
910 1470 992 1530 sum,
1016 1449 1100 1513 haud
1120 1450 1222 1534 magis
1237 1448 1278 1511 ad

166 1555 309 1626 criticam
321 1556 467 1638 pertinet.
497 1551 548 1614 Au
561 1552 650 1616 iilum
662 1573 740 1616 vero
753 1553 893 1634 modum,
913 1573 977 1636 quo
992 1554 1137 1636 integrae
1149 1552 1277 1615 maioris

164 1659 304 1722 ambitus
327 1669 434 1740 partes
456 1658 488 1720 in
506 1656 632 1741 singula
650 1656 795 1721 membra
817 1657 995 1720 secundum
1016 1666 1278 1743 argumentorum

165 1761 307 1824 rat-iones
321 1760 550 1839 dividerentur,
565 1757 785 1843 Thucydidem
802 1778 925 1842 eosque
943 1759 1087 1842 inprimis
1101 1758 1205 1839 locos,
1225 1757 1279 1840 qui

165 1864 365 1929 orationibus
389 1873 588 1946 constarent,
611 1866 789 1948 antiquitus
812 1866 982 1929 distinctos
1002 1876 1100 1949 atque
1122 1866 1222 1944 notis,
1246 1874 1281 1929 ut

163 1968 221 2032 illo
243 1967 316 2057 ioco
336 1968 419 2031 duee
441 1969 600 2050 suspicari
621 1965 706 2050 iicet,
730 1971 876 2054 signatos
893 1953 1005 2052 fuisse,
1027 1968 1125 2034 multa
1143 1969 1280 2034 suadent

163 2082 200 2136 ut
221 2071 402 2135 credamus.
437 2070 565 2134 Aenon
579 2069 685 2135 solum
700 2070 831 2135 aliunde
845 2082 982 2153 constat,
1006 2071 1140 2135 multum
1160 2059 1280 2154 operae

163 2173 389 2256 imsumpsisse
412 2173 560 2236 rhetores
584 2174 617 2236 in
650 2173 862 2249 dilucidandis
895 2185 927 2238 et
950 2175 1171 2240 examinandis
1195 2173 1280 2238 Thu-

163 2276 361 2362 cydidiarum
383 2277 563 2340 orationum
575 2279 787 2360 argumentis,
811 2298 947 2361 quorum
963 2279 1143 2342 studiorum
1157 2279 1279 2360 passim

166 2379 321 2463 reliquiae
349 2379 382 2440 in
411 2379 503 2461 ipsiis
526 2377 667 2442 Scholiis
698 2391 845 2443 servatae
875 2391 960 2462 sunt,
995 2380 1093 2443 veluti
1126 2379 1278 2461 Theonis,

165 2482 295 2546 nomine
327 2477 540 2564 τεχνογράρου,
573 2481 597 2562 Ι,
623 2482 696 2565 126,
728 2481 782 2545 ubi
817 2504 846 2546 v.
871 2483 972 2566 Duk.,
1006 2480 1278 2547 Phoebammouis

166 2585 191 2667 l,
213 2586 267 2668 53,
295 2584 348 2648 vei
370 2585 465 2647 etiam
489 2586 619 2667 saepius
644 2605 709 2648 uon
731 2583 868 2651 laudatis
891 2598 1058 2651 auctorum
1084 2584 1277 2666 nominibus,

166 2688 267 2754 veluti
289 2687 341 2770 ΙΙΙ,
374 2690 417 2750 42
439 2700 471 2752 et
493 2689 544 2752 53.
567 2686 622 2770 ΙΙΙ,
656 2689 687 2770 6,
718 2689 776 2753 sed
800 2692 894 2755 etiam
917 2693 1007 2774 ipsae
1031 2690 1178 2755 locorum
1201 2689 1277 2752 divi·

166 2795 277 2858 siones
309 2800 477 2871 notantur,
510 2792 599 2856 velut
627 2791 680 2875 ΙΙΙ,
703 2793 741 2855 8:
768 2793 936 2875 Διαιρεῖται
966 2792 1184 2880 ἡδημηγορία
1204 2790 1278 2875 αὕτη

165 2894 339 2978 κεφαλαίοις
361 2895 476 2958 τοῖσδε·
503 2901 547 2980 τῷ
571 2895 686 2980 δικαίῳ,
710 2892 773 2960 οἷον
805 2880 849 2961 ὅτι
871 2897 994 2972 δικαίως
1023 2894 1204 2979 ἀπέστημεν·
1237 2881 1279 2973 ru]

166 3001 291 3079 δυνατῷ,
315 2994 359 3061 ὅτι
381 2994 489 3062 δυνατὰ
510 2999 737 3082 παρακαλοῦμεν
755 3047 762 3062 .
780 3048 788 3064 .
806 3017 832 3062 .·
854 3003 896 3085 τῷ
921 2998 1105 3085 συμφέροντι,
1128 2995 1172 3062 δτι
1191 3001 1279 3064 λυσι-

164 3104 242 3167 τελεῖ
276 3100 394 3184 δύναμιν
427 3098 646 3174 καταδέξασθαι
685 3096 847 3186 πόρ’ῥωθεν
881 3099 1040 3186 ἰσχύουσαν
1060 3148 1068 3165 .
1164 3098 1212 3167 ἐπὶ
1245 3098 1279 3165 δὲ

164 3207 302 3289 τελευτῆς
326 3200 387 3268 ἀπὸ
409 3206 461 3269 τοῦ
483 3201 611 3268 ἐναντίου
633 3202 833 3289 παροξυσμός,
854 3204 904 3271 καὶ
926 3202 1279 3290 παράκλησιςποικίλως

166 3309 357 3373 δυσωποῦσα
403 3307 493 3390 Quae
528 3309 682 3372 orationis
716 3311 904 3392 partitiones
936 3331 1000 3394 quo
1036 3329 1182 3395 quaeque
1205 3309 1278 3372 loco

166 3421 296 3475 notatae
320 3412 421 3494 fuere,
446 3410 539 3475 facile
563 3410 807 3494 dignoscuntur,
842 3414 943 3495 prima
973 3412 1107 3476 exordio
1130 3431 1201 3495 cap.
1226 3411 1277 3492 10,
1326 3481 1329 3484 Α

165 3514 310 3578 secunda
334 3515 424 3578 initio
448 3535 517 3598 cap.
540 3534 628 3598 σεεμ,
658 3514 750 3577 tertia
771 3514 860 3578 initio
883 3535 953 3598 cap.
977 3515 1030 3596 13,
1056 3524 1167 3599 quarta
1192 3513 1276 3576 deni·

166 3636 230 3701 que
254 3628 286 3680 et
312 3619 420 3702 quinta
452 3619 559 3682 iuncta
591 3637 660 3700 cap.
693 3616 741 3678 ta
789 3617 915 3681 Addam
939 3618 1072 3682 alterum
1097 3615 1278 3698 exemplum

167 3718 299 3803 1V,58:
321 3721 494 3806 Δημημορία
514 3715 736 3805 Ἑρμοκράτους
755 3720 974 3807 Συρακουσίου·
1004 3719 1038 3784 τὸ
1069 3719 1220 3804 προοίμιον
1243 3716 1279 3784 ἐκ

167 3819 340 3897 συστάσεως
368 3831 421 3888 τοῦ
450 3821 525 3890 ἰδίου
558 3818 738 3908 προσώπου
773 3823 939 3912 σημείωσαι
971 3821 1005 3887 δὲ
1037 3822 1071 3887 τὸ
1105 3820 1278 3905 παθητικόν.

167 3922 307 4010 Τέμνεται
336 3925 548 4011 ἠδημηγορία
579 3923 652 4008 αὕτη
681 3927 725 4010 τῷ
755 3926 860 4011 δικαίῳ
888 3924 939 3990 καὶ
967 3929 1011 4012 τῷ
1035 3923 1208 4010 συμφέροντι
1229 3927 1279 3993 καὶ

165 4037 209 4108 τῷ
232 4031 356 4115 δυνατῷ,
392 4050 474 4114 quae
509 4029 651 4093 membra
687 4027 781 4091 facile
812 4029 845 4091 iu
876 4040 1030 4093 contextu
1057 4030 1277 4114 pervestigare

166 4131 252 4216 licet,
285 4134 407 4216 pariter
437 4143 533 4218 atque
555 4129 607 4213 111,
631 4130 673 4193 36
706 4138 739 4192 et
771 4128 899 4213 1V,92.
944 4131 1034 4197 Haeo
1061 4132 1165 4194 omnia
1190 4141 1277 4214 patet

167 4255 209 4300 ex
238 4234 404 4300 rhetorum
438 4234 560 4300 scholis
592 4233 739 4320 protecta
769 4253 855 4319 esse,
886 4255 927 4300 ex
961 4235 1078 4323 quibus
1110 4233 1165 4320 qui
1187 4231 1275 4295 vario
