2902 4822
692 439 741 512 12

164 626 305 690 ostendit
326 625 414 710 quod
434 626 467 687 13
489 625 592 707 primo
614 629 722 691 statim
745 630 860 711 capitis
884 631 953 694 eius
972 632 1119 717 articulo,
1143 651 1208 717 quo
1231 632 1272 697 de

47 775 59 784 .
164 727 251 811 dipla
285 727 420 811 simplici
443 729 558 812 agitur,
589 749 654 812 quo
676 749 776 794 sensu
804 751 842 794 33
876 732 1085 797 Aristarchus
1117 753 1198 798 usus
1231 735 1274 798 sit

165 841 436 896 commemoratur
463 831 614 917 quodque
643 835 739 899 huius
762 855 936 918 personam
968 837 1000 899 iu
1023 839 1140 903 ceteris
1163 839 1275 922 utique

166 933 404 1018 intelligendam
441 954 533 1016 esse,
567 936 700 1000 verbum
729 944 853 1021 χρῆται,
889 957 954 1022 quo
982 939 1068 1002 nude
1098 940 1206 1022 posito
1242 940 1276 1002 13

167 1036 304 1101 33113313
326 1038 366 1102 (13
386 1039 544 1101 asterisco
566 1039 702 1121 simplici
726 1041 837 1104 eadem
859 1042 1067 1126 significatur,
1096 1042 1277 1107 luculenter

168 1139 272 1204 docet.
317 1139 457 1205 Gravius
478 1152 529 1205 est
551 1143 639 1226 quod
661 1145 831 1226 utriusque
854 1144 1066 1208 enarrationis
1100 1145 1183 1208 ratio
1204 1145 1276 1227 ipsa

168 1261 279 1305 secum
311 1242 467 1306 dissidet:
502 1264 599 1327 quam
630 1247 658 1308 si
688 1246 772 1309 inter
803 1267 840 1310 se
870 1247 1075 1311 contenderis
1105 1246 1278 1330 intelliges,

170 1363 253 1426 quae
275 1363 317 1406 ex
337 1344 523 1408 Aristarcho
546 1348 618 1428 ipso
641 1346 742 1411 altero
767 1350 871 1432 capite
892 1349 1071 1432 traduntur,
1095 1368 1160 1412 non
1181 1348 1280 1412 modo

169 1448 212 1510 ad
234 1447 336 1512 solam
359 1447 604 1513 Homericorum
634 1454 810 1515 carminum
833 1455 1030 1517 notationem
1060 1463 1092 1516 et
1114 1473 1197 1537 quae
1226 1472 1281 1516 33·

171 1570 230 1633 ρ33
260 1552 300 1614 113
326 1553 366 1614 ab
402 1555 475 1635 ipso
497 1551 672 1619 maioribus
697 1566 783 1639 natu,
812 1555 913 1619 veluti
941 1576 960 1619 a
981 1555 1163 1638 Zenodom,
1186 1555 1282 1619 allata

171 1664 294 1737 333331,
318 1659 490 1740 ρ33113333,
515 1658 574 1721 sed
596 1659 697 1722 multo
722 1661 817 1723 etiam
840 1660 1022 1723 3333131333
1043 1661 1154 1744 reique
1179 1660 1282 1744 magis

172 1757 328 1822 adstricta
349 1760 388 1824 iis
411 1780 496 1843 esse,
520 1782 603 1846 quae
627 1765 731 1845 primo
754 1763 860 1844 capite
883 1761 924 1825 de
946 1761 1082 1846 singulis
1100 1762 1283 1845 quibusque

173 1862 274 1946 signis
302 1878 517 1946 exponuntur,
548 1887 631 1950 quae
654 1866 784 1950 quidem
815 1866 934 1947 pariter
956 1863 996 1927 ad
1026 1863 1128 1926 solam
1151 1860 1284 1925 Homeri

174 1967 272 2029 crisin
294 1977 444 2049 spectare
467 1971 625 2051 videntur,
650 1972 681 2033 in
703 1971 848 2052 ipsorum
871 1986 950 2030 vero
980 1968 1146 2051 signorum
1168 1967 1284 2051 figura,

174 2078 211 2129 ut
232 2069 264 2131 in
287 2071 475 2155 antisigma,
511 2074 552 2136 ab
576 2071 784 2136 Aristarchiis
813 2070 961 2154 genuinis
992 2069 1187 2150 discrepant,
1218 2078 1287 2131 tum

175 2173 270 2236 etiam
293 2193 369 2257 333,
402 2178 566 2258 33333313,
590 2176 631 2239 (13
662 2193 727 2259 quo
750 2174 830 2236 infra
862 2173 1088 2256 disputabitur,
1118 2190 1287 2234 numerum

176 2276 381 2357 amplificant.
415 2280 520 2363 Adde,
545 2280 632 2364 quod
660 2279 746 2343 haud
769 2278 901 2340 minoris
924 2276 1076 2339 momenti
1099 2285 1159 2358 est,
1181 2276 1214 2338 13
1237 2275 1286 2338 his

177 2379 306 2463 doceri,
351 2381 468 2464 diplam
500 2392 683 2466 punctatam
717 2401 782 2444 333
811 2380 916 2444 solum
944 2377 985 2442 ad
1016 2376 1164 2459 Cratetis,
1199 2374 1287 2460 quod

177 2483 317 2546 fortasse
346 2485 423 2547 ferri
456 2497 586 2567 posset,
616 2485 676 2548 scd
710 2485 751 2548 ad
781 2484 884 2566 ipsius
913 2480 1093 2544 Aristarchi
1128 2480 1287 2543 lectiones

178 2585 394 2668 designandas
418 2587 590 2651 adhibitam
612 2608 697 2670 3333,
729 2588 762 2650 id
785 2586 873 2671 quod
902 2586 943 2649 ab
967 2586 1040 2667 ipso
1069 2584 1190 2647 factum
1212 2600 1294 2646 esse·

178 2707 273 2750 nemo
296 2689 358 2750 sibi
381 2691 599 2772 persuadebit.
644 2689 754 2755 Verba
777 2701 875 2754 sunt:
908 2687 986 2773 πρὸς
1007 2685 1061 2762 τὰς
1091 2683 1209 2770 γραφὰς
1236 2681 1290 2758 τὰς

168 2792 387 2877 ἸΖηνοδοτείους
419 2790 469 2857 καὶ
503 2791 655 2878 Κράτητος
689 2793 739 2859 καὶ
772 2791 860 2857 αὐτοῦ
892 2787 1110 2877 Ἀριστάρχου,
1152 2808 1290 2874 quorum

179 2893 253 2957 loco
276 2895 307 2956 in
330 2895 432 2958 altero
455 2916 526 2979 cap.
549 2897 619 2960 sola
642 2897 834 2961 exhibentur
855 2894 933 2980 πρὸς
945 2891 1107 2979 Ζηνόδοτον
1130 2889 1180 2956 τὸν
1205 2892 1291 2972 διορ-

180 2999 290 3083 borda,
320 3000 396 3063 dum
419 3002 578 3066 cumillis
602 3023 716 3067 rursus
740 3002 891 3066 convenit
912 2999 1139 3082 Fragmentum
1153 2993 1291 3075 Villois.‚

181 3100 270 3183 quod
305 3101 356 3164 vel
393 3123 434 3166 ex
466 3104 528 3167 hac
561 3102 631 3168 sola
663 3123 779 3167 caussa
811 3103 896 3166 haud
920 3102 1084 3183 puriorem
1113 3094 1293 3160 Aristarchi

182 3206 361 3268 doctrinam
395 3208 549 3270 exhibere
584 3207 755 3294 colligitur.
807 3205 964 3289 Bipartita
996 3205 1113 3288 igitur,
1148 3210 1181 3264 31
1215 3199 1292 3280 dixi,

183 3312 362 3394 argumenti
392 3312 558 3394 discriptio
589 3321 649 3393 est,
686 3314 778 3375 cuius
800 3312 889 3393 prior
920 3329 996 3391 pars
1019 3305 1293 3370 Aristarchiorum

183 3415 349 3496 signorum
384 3433 478 3476 usum
512 3434 529 3476 a
563 3415 781 3497 grammaticis
815 3412 1042 3491 observatum,
1087 3408 1186 3471 altera
1221 3404 1295 3468 Ari·

183 3515 302 3580 starchi
337 3515 440 3597 ipsius
474 3516 621 3600 signandi
656 3517 812 3580 rationem
845 3514 984 3578 exhibet.
1041 3510 1211 3576 Absolutis
1245 3507 1296 3571 his

184 3621 312 3685 duobus
342 3620 512 3703 capitibus,
543 3622 575 3683 in
599 3619 720 3684 Codice
750 3620 878 3683 tertium
900 3616 1064 3683 coronidis
1086 3615 1159 3676 loco
1182 3608 1296 3692 sequi-

184 3736 247 3808 tur,
281 3726 368 3811 quod
391 3728 422 3788 13
446 3726 634 3791 illustranda
656 3726 776 3789 veteris
798 3722 907 3787 Iliadis
929 3721 1054 3784 ratione
1086 3714 1297 3782 cummaxime

185 3841 344 3912 versatur,
367 3850 403 3894 re
426 3850 443 3893 a
466 3830 670 3913 superiorum
693 3827 833 3910 capitum
856 3832 1045 3910 argumento
1069 3821 1216 3884 alienum.
1262 3815 1297 3879 ln

186 3935 250 3997 hoc
273 3933 395 3997 ordinis
419 3934 537 3997 turbati
568 3941 663 4014 statu,
692 3931 785 3994 cuius
820 3930 1000 3993 (13333333
1028 3946 1093 3989 uon
1120 3925 1200 3988 tanti
1223 3921 1298 3986 mihi

188 4041 292 4102 visum
316 4047 367 4101 est
390 4056 556 4122 quaerere,
582 4038 629 4099 331
649 4035 833 4099 consultum
855 4034 893 4096 iri
914 4031 1104 4112 existimavi,
1128 4029 1156 4092 si
1171 4025 1298 4112 singula

188 4141 301 4223 capita,
326 4140 505 4223 dequibus
528 4139 665 4203 seorsim
689 4134 915 4220 disputandum
939 4141 1000 4214 331,
1023 4132 1106 4194 13133
1128 4149 1165 4193 33
1188 4127 1300 4191 distin·
1342 4212 1344 4216 ι

188 4265 321 4330 guerem
342 4243 620 4328 dissolveremque
643 4262 726 4327 quae
749 4242 781 4303 in
804 4239 917 4303 codice
939 4255 1005 4299 uno
1027 4245 1140 4299 tenore
1162 4230 1300 4315 perscri-
1362 4249 1365 4256 ·
