2902 4822
660 452 739 531 253

142 653 280 730 constat,
303 644 366 711 nisi
387 642 471 710 forte
492 645 558 711 hnc
580 648 704 714 referre
725 649 801 716 licet
823 648 1002 735 Sulpicium
1025 651 1130 739 illum,
1154 664 1249 740 quem

141 748 215 814 loco
237 748 344 815 Servii
366 757 393 826 s.
416 752 624 835 praecedenti
647 755 812 838 exscripto
829 757 916 822 iuxta
929 756 1072 822 Probum
1087 761 1119 823 in
1138 761 1251 825 eadem

141 854 271 918 notandi
294 874 392 940 opera
414 856 537 921 landari
558 858 706 924 vidimus.
744 858 812 924 Sed
833 881 874 925 ne
896 870 1024 926 constat
1034 861 1164 945 quidem
1178 866 1250 949 quis

140 956 194 1022 ille
222 957 356 1046 Vergilii
384 962 545 1046 interpres
578 961 742 1046 Sulpicius
775 965 882 1030 fuerit.
931 964 1026 1030 Haud
1053 967 1137 1033 mala
1170 989 1250 1034 vero

142 1074 192 1128 est
214 1064 347 1150 Bergkii
368 1086 399 1150 p.
423 1067 488 1130 too
510 1068 695 1132 coniectura
719 1068 760 1132 de
782 1070 991 1155 grammatico
1014 1068 1125 1137 Curtio
1145 1072 1249 1144 Nicia,

144 1166 311 1234 Ciceronis
333 1169 470 1256 aequali,
494 1171 535 1236 de
557 1192 621 1256 quo
641 1172 969 1263 ,baeclegunturllp
982 1174 1022 1239 ad
1034 1177 1108 1240 fam.
1120 1177 1175 1261 lX,
1191 1180 1248 1242 10:

139 1276 203 1339 nisi
217 1275 305 1359 forte
326 1277 409 1340 scire
429 1277 486 1358 oia,
508 1297 558 1341 me
579 1278 664 1343 inter
685 1276 814 1342 Niciam
835 1286 982 1343 nostram
1005 1287 1038 1344 et
1061 1277 1183 1346 Vidium
1205 1285 1250 1348 iu-

140 1379 241 1444 dicem
264 1402 340 1446 esse.
378 1378 510 1465 Profert
531 1380 627 1464 ulter,
651 1384 777 1468 opinor,
801 1381 924 1447 duodus
952 1384 1112 1449 ommcalis
1134 1408 1250 1472 espen-

139 1505 208 1550 sum
229 1484 366 1552 Maiae:
387 1483 473 1551 olter
491 1485 704 1552 Aristarchus
725 1486 786 1552 boa
806 1482 942 1567 ὄβελίζει.
978 1487 1056 1576 Epo
1085 1498 1250 1576 tamquam

139 1591 267 1655 criticus
289 1591 439 1674 antiquas
459 1576 656 1656 medicaturus
677 1612 755 1672 sum,
777 1600 886 1657 mrum
906 1594 971 1658 siat
990 1600 1041 1658 τοῦ
1066 1603 1187 1678 ποιητοῦ
1205 1617 1250 1661 aar

139 1690 419 1781 aapepfiefiltppipm.
464 1692 564 1760 Cuius
597 1696 660 1760 loci
682 1718 819 1761 acumen
841 1716 1016 1782 sanequam
1050 1703 1250 1785 augetur,si

139 1819 212 1864 curn
234 1798 377 1886 Bergkio
400 1808 575 1882 sumamus,
599 1799 724 1865 Niciam
741 1803 772 1865 in
787 1803 1031 1867 'commentandi
1049 1814 1129 1886 arte,
1154 1825 1249 1889 quam

138 1905 308 1990 professus
330 1914 391 1986 est,
421 1906 587 1969 notatione
619 1905 821 1970 Aristarcbia
855 1900 950 1971 u'sum
982 1927 1072 1974 esse:
1105 1908 1138 1971 id
1161 1909 1250 1993 quod

138 2008 231 2074 facile
255 2010 498 2095 concederetur,
522 2011 550 2075 si
572 2010 787 2075 demonstrari
808 2022 932 2096 posset,
957 2032 1030 2077 cum
1052 2012 1116 2077 hoc
1137 2013 1249 2077 Curtio

139 2112 231 2178 Nicia
254 2102 392 2178 eundem
415 2134 490 2202 esse
508 2114 659 2179 criticum
691 2115 781 2180 illum
801 2114 1024 2200 Homericum,
1055 2119 1108 2201 qui
1136 2115 1249 2182 Niciae

138 2221 267 2297 nomine
298 2218 384 2284 nudo
417 2220 538 2304 passim
572 2220 604 2283 in
635 2219 775 2285 Scholiis
806 2221 911 2287 iliadis
926 2232 1138 2285 memoratur.
1181 2219 1250 2284 Sed

139 2324 309 2410 quominus
342 2320 476 2411 Bergldi
504 2325 537 2387 in
569 2326 759 2390 sententiam
790 2347 850 2410 per
882 2348 919 2392 se
951 2326 1046 2390 valdo
1067 2326 1249 2409 speciosam

139 2440 249 2494 eamus
262 2444 265 2449 ·
278 2428 371 2515 plura
400 2428 588 2495 dissuadent
618 2440 817 2517 argumenta.
860 2426 944 2495 Nam
971 2431 1098 2495 tametsi
1119 2432 1248 2496 criticos

140 2520 303 2600 Romanos
324 2521 380 2598 illo
403 2540 524 2621 genere
543 2542 693 2600 notarum
715 2554 795 2600 usos
818 2550 895 2600 esso·
912 2547 1010 2600 nuno·
1023 2534 1161 2621 quidem·
1175 2555 1251 2600 con·

140 2649 213 2720 stat,
237 2649 343 2703 tamen
356 2636 466 2706 Nicias
487 2640 520 2703 in
542 2640 593 2725 iis,
618 2624 727 2731 quiid
749 2641 983 2725 adhibuissent,
1008 2643 1040 2705 in
1055 2638 1251 2705 libelloPar.

139 2762 204 2807 non
226 2743 331 2809 solum
354 2763 419 2809 non
441 2754 658 2830 memoratur,¹
672 2745 733 2810 sed
754 2734 879 2831 Lucilii,
903 2747 955 2811 cui
978 2745 1040 2811 soli
1061 2745 1251 2810 illustrando

139 2847 264 2915 Niciam
293 2868 426 2935 operam
459 2870 550 2916 suam
585 2836 783 2933 impendisse
815 2849 913 2914 tradit
945 2846 1185 2915 Suetonius·dc
1203 2848 1250 2914 ill.

140 2952 195 3018 Gr.
231 2956 287 3041 14,
322 2956 405 3021 alius
435 2955 581 3041 quisquis
602 2953 698 3018 inerit
720 2954 903 3037 adnotator,
935 2954 975 3017 de
998 2954 1182 3039 quomodo
1203 2955 1252 3023 ri·

140 3060 254 3146 dimus,
278 3063 474 3126 nominatur:
509 3070 575 3124 tum
610 3052 804 3123 scribentem
835 3059 897 3122 ista
913 3054 1121 3122 'Ciceronem
1151 3056 1251 3122 Grac

139 3183 261 3251 corum,
284 3185 350 3231 non
371 3166 590 3230 Romanorum
611 3146 734 3228 morem
756 3164 789 3226 in
812 3158 925 3227 mente¹
948 3162 1113 3246 babuisse,
1141 3162 1251 3246 prodit

140 3291 238 3354 quum
259 3271 331 3355 ipsa
352 3268 418 3336 loci
437 3271 529 3353 ratio,
552 3279 619 3333 mm
638 3268 738 3332 verba
757 3276 922 3355 iamqtmm
938 3268 1067 3335 ονίίὶοιιε
1089 3269 1250 3354 antiquus,

139 3395 223 3459 quae
244 3375 274 3441 si
294 3377 545 3457 meminerimus,
569 3360 907 3463 quibus'temporibus
930 3371 1052 3438 Ennius
1071 3371 1251 3455 deliusque

138 3479 339 3565 grammatici
359 3479 518 3565 probabili
541 3478 581 3543 de
605 3478 763 3559 sententia
785 3478 935 3561 vixerint,
959 3497 1024 3543 non
1049 3484 1187 3561 possunt
1209 3474 1250 3538 ad

138 3584 392 3651 consuetudines
424 3582 586 3648 Romanas
619 3581 743 3646 referri.
787 3581 832 3646 At
864 3580 962 3663 aliud,
975 3580 1048 3644 nisi
1069 3579 1175 3662 fallor,
1209 3599 1250 3643 ex

137 3687 212 3753 loco
234 3686 383 3753 Tulliano
405 3686 578 3770 lucramur,
602 3684 690 3770 quod
712 3685 817 3749 obiter
839 3701 980 3770 tangam,
1003 3683 1101 3767 sales,
1131 3683 1249 3768 quibus

140 3789 254 3857 Cicero
276 3793 366 3858 litem
387 3791 513 3856 Niciam
535 3791 620 3853 inter
642 3799 674 3852 et
695 3785 826 3853 Vidium
850 3800 994 3853 exortam
1017 3787 1180 3872 perfricat,
1203 3788 1249 3851 vi-

140 3893 210 3959 deri
231 3916 333 3981 paene
355 3896 518 3979 inficetos,
541 3894 605 3959 nisi
623 3891 749 3978 Vidius,
770 3893 868 3958 bomo
898 3893 1085 3978 ceteroquin
1106 3893 1248 3979 ignotus,

141 3998 244 4063 eidem
265 4000 476 4091 professioni.
490 4000 543 4065 cui
577 3997 688 4063 Nicias
718 3999 840 4082 pariter
861 3997 1043 4081 adscriptus
1065 3998 1178 4082 luent,
1210 4017 1249 4062 ac

138 4104 194 4167 vix
217 4101 331 4170 Cicero
341 4104 454 4171 Niciae
477 4123 655 4188 expensum
677 4102 849 4184 versiculis,
872 4102 928 4187 qui
949 4100 990 4166 ad
1004 4100 1134 4167 Vidium
1156 4122 1249 4186 spec·

137 4216 216 4292 tant,
248 4218 433 4274 contentum
463 4209 609 4292 dixisset,
641 4207 703 4273 nisi
725 4216 757 4271 et
783 4204 898 4272 Vidius
921 4207 1148 4292 grammaticus
1170 4207 1248 4269 fuis-

138 4321 198 4380 set.
222 4310 382 4383 -Haud
410 4315 531 4381 certior
551 4313 726 4411 notationis
756 4311 920 4379 Romanae
949 4311 1141 4398 significatio
1161 4306 1247 4392 apud
