2902 4822
694 410 747 484 40

162 602 281 667 siensis
302 601 393 665 fonte
414 598 576 682 disputata
608 608 694 683 nunt,
727 599 824 662 huius
847 601 893 665 ad
919 597 1059 665 modum'
1076 601 1278 669 illumcom·

162 705 305 789 positum
335 704 449 785 fuisse,
480 711 516 765 ut
545 712 698 767 nontam
725 701 896 767 Homerica
920 724 1017 787 quam
1039 707 1147 788 potius
1170 708 1279 772 omnia

163 825 201 871 ea
224 807 317 891 signa
340 804 529 888 complexus
552 814 659 888 esset,
683 825 767 889 quae
789 824 807 867 a
830 807 1013 888 primordiis
1044 809 1175 872 criticae
1197 811 1277 874 artis

163 929 227 973 usu
259 917 391 992 recepta
421 907 571 990 fuissent,
605 917 674 970 tum
707 906 832 972 Graeca
864 916 933 970 tum
954 907 1078 992 Latina,
1113 910 1148 973 in
1168 910 1278 974 medio

163 1010 410 1094 relinquendum
431 1019 491 1074 est.
534 1009 644 1093 Atque
666 1028 707 1072 ne
729 1008 791 1073 hoc
813 1009 942 1093 quidem
964 1009 1059 1092 plane
1088 1011 1200 1097 liquet,
1236 1033 1278 1077 an
1362 1056 1369 1066 -

163 1111 339 1177 Suetonius
361 1112 415 1176 vel
436 1112 603 1198 signorum
625 1111 897 1177 Aristarchiorum
930 1132 1101 1178 recensum
1123 1113 1279 1181 exhibue-

162 1218 215 1279 rit.
258 1215 370 1300 ltaque
392 1214 434 1279 ad
456 1225 597 1299 ceteros,
630 1234 714 1299 quos
742 1217 904 1298 novimus,
937 1217 1115 1299 scriptores
1147 1217 1277 1282 deduci·

163 1338 246 1401 mur,
276 1326 309 1380 et
338 1317 468 1401 quidem
497 1337 567 1399 eos,
602 1319 657 1402 qui
678 1318 810 1401 proprie
831 1326 864 1380 et
894 1318 1100 1400 peculiariter
1126 1329 1278 1384 nontam

164 1419 205 1484 de
227 1419 330 1504 signis
352 1421 473 1487 criticis
495 1420 753 1505 quibuscunque,
777 1440 872 1504 quam
895 1420 936 1482 de
952 1421 1160 1486 Aristarchiis
1175 1423 1279 1506 scrip·
1370 1408 1374 1414 ’

164 1523 250 1586 sisse
272 1507 429 1606 seruntur,
465 1521 696 1604 Aristonicum,
720 1522 911 1606 Diogenem,
941 1519 1166 1606 Philoxenum,
1198 1542 1279 1608 quo·

164 1645 236 1687 rum
266 1622 306 1686 de
339 1643 440 1706 opera
472 1624 588 1688 melius
617 1623 746 1706 quidem
767 1624 883 1707 liquet,
917 1644 979 1687 nec
1007 1635 1115 1690 tamen
1139 1637 1277 1708 tantum,

164 1736 320 1811 quantum
349 1726 392 1789 ad
411 1725 562 1791 idoneam
595 1728 867 1810 comparationem
901 1745 985 1809 opus
1008 1738 1067 1792 est.
1113 1728 1199 1810 Quid
1220 1730 1280 1813 igi·

164 1826 245 1892 turi
272 1826 380 1908 Quum
402 1829 457 1891 vix
479 1828 571 1892 aliter
592 1829 663 1892 fieri
685 1830 825 1911 potuerit
847 1849 944 1914 quam
965 1839 1001 1892 ut
1022 1831 1050 1894 si
1073 1840 1179 1895 cetera
1203 1839 1280 1914 post

164 1930 391 1994 Aristarchum
413 1932 543 1994 inventa
561 1932 653 2017 signa
683 1933 800 1995 iamin
821 1930 944 2015 vulgus
962 1943 1039 1996 nota
1062 1943 1094 1996 et
1116 1953 1134 1996 a
1157 1932 1279 1997 criticis

165 2041 321 2116 usurpata
351 2043 384 2096 et
411 2033 445 2095 in
477 2033 587 2117 libris,
621 2033 725 2118 qualis
757 2031 976 2098 Suetonianus
1007 2036 1084 2118 fuit,
1119 2034 1280 2099 illustrata

165 2137 306 2219 fuerunt,
342 2156 384 2200 cx
413 2136 465 2201 his
496 2136 654 2220 quaedam
690 2135 861 2220 Excerptis
882 2139 1025 2203 immissa
1046 2138 1183 2218 fuerint,
1215 2136 1280 2201 hoc

164 2259 245 2305 vero
267 2240 380 2323 paucis
416 2241 562 2324 exceptis
595 2242 715 2304 iactum
745 2241 892 2323 nonsit,
926 2261 1064 2306 necesse
1086 2249 1137 2303 cst
1157 2239 1280 2303 fontem

166 2363 280 2409 eorum
313 2351 492 2407 statuamus
527 2346 751 2428 perantiquum
774 2344 896 2425 fuisse,
937 2345 992 2429 qui
1014 2344 1055 2407 ad
1082 2344 1153 2425 ipsu
1175 2360 1281 2424 paene

165 2446 345 2511 Aristarchi
366 2456 513 2528 tempora
535 2447 714 2510 accederet.
758 2445 842 2509 Nam
870 2448 898 2509 si
921 2466 962 2510 ex
981 2444 1153 2509 Anecdoto
1175 2442 1281 2511 Paris.

166 2557 303 2631 cunstat,
326 2550 476 2632 proximo
498 2557 573 2611 ante
596 2547 670 2612 Chr.
693 2569 723 2612 n.
746 2547 879 2612 saeculo
901 2550 964 2612 iam
981 2568 1149 2613 numerum
1170 2548 1281 2632 signo·

164 2672 238 2716 rum
259 2651 393 2715 mirifice
419 2659 550 2713 auctum
581 2670 741 2734 usumque
764 2670 876 2714 eorum
908 2653 1000 2714 vario
1027 2650 1125 2714 modo
1146 2649 1281 2738 ampliti-

167 2763 274 2819 catum
303 2772 394 2836 esse,
431 2773 498 2817 non
531 2762 640 2834 potest
676 2773 739 2817 non
766 2752 1003 2835 Excerptorum
1026 2755 1099 2817 fons
1122 2753 1175 2817 vel
1196 2752 1281 2817 hanc
1340 2737 1343 2743 ¹

53 2880 56 2889 ⁴
166 2865 303 2920 oetatem
332 2875 517 2939 superasse,
550 2857 595 2919 ita
617 2867 652 2920 ut
674 2858 703 2920 si
726 2859 903 2939 scriptores
926 2854 1111 2920 nominandi
1140 2856 1215 2936 sint,
1239 2872 1281 2918 ex
1310 2878 1312 2882 ⁴

166 2960 284 3044 quibus
307 2958 426 3022 hauriri
447 2960 606 3041 potuerit,
634 2959 668 3048 in
690 2978 823 3022 censum
853 2961 948 3024 unice
969 2961 1099 3023 veniant
1120 2957 1281 3022 Aristoni·

165 3082 237 3144 cus,
260 3060 436 3145 Diogenes,
459 3058 672 3142 Philoxenus,
691 3061 832 3125 sortasse
854 3073 886 3125 et
901 3060 1070 3146 Didymus,
1095 3079 1191 3144 quem
1209 3057 1280 3143 qui-
1315 3134 1320 3141 g

166 3162 240 3226 dem
263 3162 304 3226 de
325 3163 426 3247 signis
448 3161 657 3229 Aristarchiis
686 3163 891 3246 peculiariter
920 3165 1093 3247 scripsisse
1115 3182 1181 3226 non
1202 3179 1281 3224 con·

166 3275 241 3350 stat,
272 3285 370 3350 quem
401 3273 507 3327 tamen
541 3285 640 3348 opere
675 3267 739 3330 isto
773 3265 981 3349 amplissimo,
1015 3265 1103 3350 quod
1136 3263 1177 3326 de
1206 3262 1280 3326 Ari·

166 3369 288 3434 starchi
309 3368 450 3432 editione
472 3367 621 3450 Homeri,
645 3367 686 3431 de
708 3387 774 3452 quo
797 3370 863 3452 egit
884 3368 987 3433 Lehrs
1010 3388 1038 3432 c.
1060 3368 1098 3451 ll,
1128 3367 1163 3429 id
1184 3386 1281 3450 argu·

166 3481 309 3534 mentum
331 3490 394 3533 una
416 3472 573 3554 tetigisse,
597 3470 682 3533 haud
701 3471 921 3554 improbabilis
934 3472 1119 3534 coniectura
1133 3479 1192 3532 est
1229 3466 1281 3538 EX

53 3568 60 3577 “
165 3573 281 3638 horum
313 3575 412 3659 igitur
434 3574 542 3658 aliquo
566 3575 689 3656 scripto
721 3571 903 3656 Excerptor
925 3574 1109 3656 quicunque
1138 3572 1196 3635 fuit
1219 3590 1281 3635 sua

167 3675 341 3762 collegisse
364 3676 543 3760 putabitur:
578 3676 641 3739 nisi
661 3676 788 3759 placeat
820 3677 861 3738 de
884 3677 922 3740 iis
954 3675 1168 3758 scriptoribus
1191 3677 1281 3758 cogi·

165 3789 246 3862 tare,
276 3780 331 3863 qui
353 3782 448 3844 etiam
470 3778 535 3842 illis
564 3788 641 3841 natu
669 3779 809 3841 maiores
843 3778 883 3839 de
914 3776 1117 3842 Aristarchia
1148 3776 1281 3841 Homeri

167 3881 326 3947 diorthosi
358 3881 565 3947 commentati
595 3889 687 3962 sunt,
718 3879 820 3944 veluti
852 3881 1060 3962 Ammonius,
1099 3879 1281 3944 Aristarchi

167 3983 345 4068 discipulus
380 3995 413 4051 et
444 3987 479 4050 in
511 3982 623 4050 schola
645 4001 836 4068 successor,
859 3987 885 4059 1)
915 3981 1121 4048 Ptolemaeus
1143 3981 1281 4046 Ascalo·

223 4209 253 4268 l)
271 4204 303 4259 V.
331 4204 417 4260 Lehrs
443 4222 468 4277 p.
498 4209 541 4262 27.
583 4203 662 4258 Adde
696 4204 752 4260 luc.
783 4206 811 4258 in
842 4202 1026 4258 Eichenfeldii
1056 4202 1137 4258 Anul.
1168 4217 1279 4272 gramm.
