2902 4822
695 394 747 504 ιτ

166 642 302 706 prorsus
316 630 427 706 mutat,
443 618 644 706 Ἀριστάρχος
660 641 721 704 pro
735 614 936 703 Ἀριστάρχου
950 621 1146 703 reponentis.
1179 619 1273 684 Mitto

166 726 264 810 igitur
280 726 368 789 hunc
383 725 502 790 locum.
536 724 641 788 Adest
657 724 750 806 alius,
774 744 815 787 ex
834 742 898 807 quo
916 742 1020 787 novae
1032 723 1072 787 ab
1084 722 1273 786 Aristarcho

167 830 370 912 excogitatae
388 838 420 893 et
434 826 643 911 probabiliter
658 829 752 912 signo
772 836 901 890 notatae
921 827 1114 890 contrariam
1125 824 1274 888 Philoxe-

124 992 126 994 ,
166 951 243 995 num
263 932 455 995 sententiam
469 931 665 1013 opposuisse
682 930 853 1014 colligitur,
876 951 897 1011 χ
923 929 976 1011 28,
999 928 1054 992 ubi
1072 928 1113 992 ad
1137 927 1275 1011 ἄστροισιν

166 1032 277 1098 Schol.
291 1033 389 1099 Ven.:
408 1029 608 1118 Ἀρίσταρχος
625 1031 668 1107 ιίις
681 1029 842 1117 πατράσιν·
865 1031 978 1114 ἄμεινον
991 1029 1025 1094 δὲ
1036 1029 1274 1114 προπαροξύνειν,

166 1133 269 1219 ὥσπερ
281 1135 332 1202 καὶ
343 1147 404 1212 τοῖς
413 1137 542 1200 πλείοσιν
555 1136 643 1209 ἔδοξε
655 1133 705 1199 καὶ
719 1132 880 1219 Φιλοξένῳ,
903 1129 937 1198 ἵν’
950 1131 1041 1218 αὐτῆς
1056 1141 1110 1218 τῆς
1120 1130 1274 1211 πτώσεως,

166 1234 246 1320 λέγω
267 1237 300 1301 δὲ
313 1248 367 1323 τῆς
379 1242 506 1324 δοτικῆς,
529 1235 897 1322 μεταπλασρὸνλάβοιρεν.
920 1238 979 1303 His
992 1238 1222 1301 subiiciuntur:
1243 1231 1275 1298 ὃν

167 1336 348 1423 obreptione
377 1339 554 1426 ἡὲγκάτοις
582 1343 700 1422 ἔγκασιν
730 1337 851 1422 ἐγένετο
878 1341 1020 1422 (,,ἔγιιασι
1052 1336 1191 1422 φωτόςίί)
1225 1335 1277 1402 καὶ

168 1436 224 1503 οὔτι
246 1438 477 1527 ἀναγκαζόμεθα
500 1445 594 1528 ἑνικὴν
617 1440 733 1507 εὐθεῖαν
756 1439 923 1507 ἀκόλουθον
941 1439 1095 1524 ἐπιζητεῖν,
1117 1439 1182 1524 ἥτε
1196 1462 1275 1524 προ-

166 1540 267 1623 βάτοις
279 1543 432 1628 πρόβασιν,
455 1547 522 1631 ἥτε
537 1544 673 1618 πετάλοις
694 1542 841 1625 πέταλσιν,
865 1543 961 1616 οὕτως
984 1543 1103 1627 ἄστροις
1125 1543 1274 1626 άστρασιν,

167 1644 389 1722 ἐπεισελθόντος
410 1655 462 1713 τοῦ
484 1672 513 1730 α,
536 1649 583 1714 ἵνα
606 1654 699 1732 συστῇ
720 1648 739 1731 ἡ
761 1646 847 1726 λέξις.
893 1645 983 1710 Haec
1002 1645 1177 1710 Herodiani
1201 1666 1275 1709 esse
1304 1669 1307 1676 ·

167 1750 348 1833 colligimus
372 1750 531 1836 exEtym.
550 1750 594 1817 M.
617 1773 648 1834 p.
670 1752 744 1832 310,
770 1752 811 1814 15
834 1750 908 1814 coll.
931 1770 1004 1813 cum
1024 1749 1142 1813 Adnot.
1169 1751 1201 1812 in
1224 1748 1275 1811 Et.

166 1872 198 1934 p.
232 1852 307 1934 837,
345 1853 414 1935 sed,
452 1864 488 1918 ut
514 1856 674 1918 coniicere
702 1853 752 1917 fas
781 1861 842 1935 est,
874 1873 915 1916 ex
936 1851 1123 1916 Philoxeno.
1171 1850 1276 1918 Etiam

167 1957 287 2018 certior
307 1955 340 2017 in
362 1976 431 2019 rem
453 1957 736 2021 demonstrandam
758 1966 809 2019 est
829 1957 922 2020 loeus
943 1979 968 2037 e,
984 1956 1058 2039 638,
1081 1956 1137 2019 ubi
1159 1955 1275 2039 diplae,

167 2077 262 2140 quam
285 2062 502 2140 praepositam
520 2060 701 2124 Scholiasta
720 2059 826 2141 tradit,
850 2058 945 2122 simul
966 2057 1164 2122 Philoxenus
1183 2078 1276 2122 suam

167 2162 358 2252 sententiam
381 2163 575 2246 adposuisse
611 2156 875 2245 deprehenditur:
910 2182 1015 2245 neque
1043 2162 1157 2243 exiis,
1194 2179 1276 2243 quae

167 2261 316 2326 adhunc
337 2263 443 2329 locum
467 2267 670 2346 adnotantur,
694 2264 825 2328 dubium
849 2265 948 2329 ullum
971 2264 1171 2346 relinquitur,
1200 2265 1276 2347 quin

168 2364 254 2447 dipla
275 2366 329 2430 illa
351 2368 392 2431 ab
414 2369 604 2432 Aristarcho
626 2372 700 2451 ipso
722 2367 868 2449 prosecta
890 2369 942 2448 sit,
966 2387 1063 2449 quum
1086 2367 1276 2449 praesertim

166 2488 283 2533 versus
311 2471 344 2534 in
377 2471 449 2535 cod.
473 2465 599 2535 Veneto
626 2470 681 2534 illo
703 2472 776 2553 ipso
798 2471 892 2553 signo
921 2479 1054 2532 ornatus
1087 2468 1274 2551 reperiatur.

166 2569 320 2635 Eiusdem
354 2576 487 2639 rationis
523 2583 574 2638 est
606 2575 701 2636 etiarn
733 2595 753 2652 ι,
776 2573 850 2655 219,
884 2573 939 2636 ubi
974 2574 1048 2636 voci
1080 2576 1170 2636 θῦσαι
1191 2569 1276 2653 dipla

166 2673 290 2738 adiecta
312 2686 344 2739 et
376 2699 394 2741 a
416 2678 594 2742 Philoxeno
616 2675 773 2739 illustrata
802 2675 947 2757 traditur,
974 2677 1223 2759 appingiturque
1244 2674 1277 2735 in

167 2775 298 2841 Codice.
338 2779 427 2845 Haec
450 2784 478 2844 si
498 2785 543 2845 ita
565 2791 650 2861 suut,
673 2781 736 2843 huc
759 2781 853 2842 etiam
876 2780 898 2841 ii
920 2779 983 2843 loci
1001 2779 1114 2842 referri
1137 2779 1277 2840 fortasse

166 2882 303 2963 possint,
326 2885 427 2947 notati
446 2885 527 2947 inira
550 2886 582 2946 in
593 2881 745 2946 Excursu
768 2882 910 2963 laudato,
933 2883 987 2944 ubi
1008 2882 1048 2944 de
1061 2879 1188 2943 Glossis
1206 2879 1276 2941 eius

166 2980 348 3048 Homericis
381 3006 488 3050 sermo
522 2987 569 3068 fit,
602 2985 731 3068 quibus,
766 2986 890 3048 ratione
910 2983 1090 3048 Aristarchi
1120 3001 1276 3064 expresse

166 3104 232 3148 non
259 3087 376 3172 habita,
410 3090 637 3173 grammaticae
665 3088 811 3153 locorum
846 3087 1085 3170 verborumque
1118 3087 1151 3147 iu
1178 3082 1276 3147 lliade

167 3187 338 3254 obviorum
372 3193 652 3274 interpretationes
686 3191 858 3256 Philoxeni
892 3189 1091 3254 exhibentur.
1136 3188 1207 3269 Qua
1236 3186 1277 3249 de

168 3311 204 3354 re
224 3292 377 3358 iudicium
399 3296 469 3359 aliis
491 3295 574 3358 malo
597 3297 789 3379 relinquere.

125 3399 129 3405 '
251 3394 422 3460 Postremo
442 3399 520 3460 mira
531 3399 643 3462 notitia
661 3399 701 3462 de
718 3395 887 3460 Philoxeni
906 3395 1045 3479 quodam
1067 3395 1189 3476 scripto
1207 3387 1275 3473 περὶ

163 3494 295 3579 ’σημείων
320 3495 350 3562 ἐν
376 3506 413 3585 τῇ
431 3501 574 3584 Θεογονίᾳ
588 3495 728 3564 Ἡσιόδου
752 3507 857 3562 exstat
880 3499 966 3580 apud
990 3497 1171 3560 Fabricium
1193 3490 1275 3553 Bibl.

165 3597 222 3662 Gr.
239 3598 276 3662 T.
294 3599 316 3662 l.
336 3622 367 3683 p.
380 3603 444 3664 274
457 3603 535 3679 (365
551 3601 667 3682 Harl),
688 3603 781 3665 cuius
802 3601 934 3663 fundum
946 3619 1051 3682 neque
1068 3597 1154 3677 mibi,
1171 3612 1276 3675 neque

144 3696 343 3767 ‘Schmidtio
366 3703 416 3767 De
427 3703 606 3767 Philoxeno
630 3702 850 3784 (Schneidew.
867 3700 1026 3783 Philolog.
1039 3698 1094 3781 lV,
1106 3699 1136 3763 4.
1154 3718 1185 3779 p.
1198 3695 1276 3770 673)

165 3807 389 3890 pervestigare
412 3808 555 3890 contigit.

679 3936 707 4002 s.
730 3929 760 3991 6.

388 4036 441 4091 De
471 4038 692 4108 fragmento
723 4033 870 4091 codicis
899 4031 1049 4089 Veneti.

252 4146 302 4210 Ex
313 4148 403 4213 libris
415 4151 620 4233 scriptorum,
639 4168 721 4233 quos
733 4150 889 4213 hactenus
901 4150 1158 4231 percensuimus,
1178 4164 1275 4229 quum

163 4252 192 4314 si
222 4249 349 4335 singula
378 4253 536 4337 quaedam
559 4253 735 4335 fragmenta
763 4253 814 4315 vel
838 4253 969 4316 notitiae
992 4251 1204 4332 excipiantur,
1235 4246 1277 4308 ad
