2902 4822
631 431 713 513 Μ

113 629 222 714 Atque
255 604 445 715 anteaquam
477 627 518 694 ad
550 646 619 693 rem
641 590 746 712 ipsam
767 625 990 710 accedamus,
1011 643 1151 691 necem
1178 633 1231 693 est

114 737 291 822 argumenti
313 737 346 799 in
360 733 541 804 Anecdoto¹
553 734 682 799 tractati
703 752 808 796 nexus
831 730 1033 816 exploretur:
1057 751 1123 818 quo
1140 731 1230 799 tacto

114 841 241 905 demum
273 842 414 925 perspici
446 842 583 925 poterit,
625 859 688 925 qua
721 838 831 903 iueota
862 838 905 904 ab
936 848 1071 905 auctore
1101 838 1231 925 singula

114 964 261 1031 quaeque
283 943 369 1009 dicta
391 946 464 1025 sint.
508 943 641 1009 Scilicet
662 946 694 1008 in
716 943 825 1009 limine
853 944 1044 1028 ipsoiruius
1067 944 1231 1029 quaestio·
1263 935 1266 939 ’

65 1035 67 1038 ’
113 1053 162 1116 nis
189 1051 378 1134 haeremus,
412 1070 512 1135 quum
541 1049 584 1114 ad
613 1048 769 1134 liquidum
802 1059 895 1114 certo
921 1049 1056 1133 perduoi
1078 1058 1231 1135 nequeat,

114 1177 196 1241 quae
218 1155 389 1220 traduntur
410 1166 518 1220 utrum
541 1155 582 1220 ad
603 1155 708 1219 solam
735 1155 879 1240 Iliadem,
910 1174 952 1221 sn
973 1174 1036 1220 uua
1058 1153 1100 1220 ad
1123 1153 1232 1241 odys

112 1283 202 1328 seam
224 1271 338 1326 auctor
359 1281 396 1325 ca
420 1271 571 1344 spectare
593 1261 740 1327 voluerit.
786 1261 823 1326 Si
851 1281 924 1327 cum
952 1263 1113 1347 scriptore
1134 1282 1232 1329 accu-

111 1379 182 1431 rato
213 1375 383 1451 ageretur,
421 1367 476 1450 qui
507 1375 733 1453 argumentum
767 1368 855 1433 iusto
888 1366 1001 1433 ordine
1035 1367 1229 1452 dispositum

112 1470 288 1553 exhiheret,
314 1470 436 1536 nullum
465 1479 554 1535 esset
576 1470 719 1554 dubium,
747 1473 824 1557 quin
847 1472 888 1537 do
911 1471 980 1538 sola
1008 1471 1106 1537 iliade
1127 1472 1229 1539 verba

111 1579 243 1641 faceret.
276 1572 328 1638 Ex
349 1575 412 1640 hac
434 1576 517 1639 enim
540 1575 718 1660 proiectus,
741 1596 838 1661 quam
861 1578 993 1662 proprio
1016 1597 1079 1643 suo
1100 1577 1231 1644 nomine

112 1678 166 1764 ἀφ’
185 1675 349 1754 Ἑλικῶνος
371 1680 469 1746 ducto
491 1681 580 1744 initio
605 1679 797 1766 designavit,
819 1681 898 1747 nihil
924 1682 1061 1766 iusuper
1083 1681 1231 1766 protulit,

112 1784 199 1872 quod
230 1804 295 1848 non
313 1785 372 1849 ·ad
405 1785 469 1849 hoc
503 1804 634 1850 carmen
662 1786 808 1871 inprimis
830 1788 991 1871 pertinere
1007 1795 1136 1871 poscet.
1181 1787 1230 1853 At

112 1911 194 1976 quae
216 1891 456 1974 prooemiorum
479 1892 715 1975 expositionem
735 1903 925 1977 sequuntur,
954 1893 1149 1978 farraginem
1168 1890 1230 1956 oli-⁴

111 1997 330 2081 servationum
362 1995 450 2060 nullo
480 1997 593 2061 ordine
625 2016 733 2082 neque
763 2017 850 2063 nexu
884 2017 1088 2064 corrosorum
1118 2007 1232 2064 ostan-

112 2087 201 2183 dunt,
237 2122 372 2186 quarum
395 2121 458 2166 uua
488 2101 529 2166 ad
560 2100 732 2167 dialectum
753 2112 889 2188 spectat,
919 2102 1018 2168 altera
1048 2102 1091 2168 ad
1118 2103 1230 2191 singns'

110 2205 213 2270 larum
236 2207 306 2271 sive
339 2207 489 2271 carminis
518 2207 614 2272 unius
642 2197 715 2271 sive
736 2207 906 2292 utriusque
936 2206 1076 2290 partium
1096 2225 1227 2292 nexum,

111 2331 176 2376 non
198 2313 305 2376 iuncta
338 2310 402 2374 ullo
426 2312 580 2377 orationis
602 2310 757 2394 viuculo,
776 2310 841 2376 sed·
857 2312 946 2376 iuxta
975 2313 1095 2397 posita,
1126 2322 1163 2377 ut
1183 2330 1227 2378 an

109 2439 150 2483 ex
172 2417 288 2482 eodem
309 2417 400 2481 fonte
421 2426 557 2504 utraque
580 2417 675 2481 ducta
695 2417 747 2500 sit,
769 2416 929 2481 incertum
948 2417 1070 2501 pariter
1086 2427 1224 2504 maneat,

108 2536 206 2610 atque
228 2545 268 2587 an
290 2524 371 2587 hacc
401 2524 510 2607 operis
539 2543 615 2607 pars
638 2541 711 2587 cum
733 2521 773 2585 iis
805 2539 888 2605 quae
916 2522 1170 2607 praemittuntur,
1184 2521 1231 2588 dc

107 2628 283 2714 prooemiis
319 2625 438 2710 aliquid
474 2645 645 2690 commuue
672 2625 801 2709 habeat,
834 2627 897 2691 nisi
928 2625 1017 2711 quod
1037 2627 1151 2691 omnia
1183 2625 1225 2692 ad

108 2733 278 2797 Homerica
302 2733 442 2796 carmina
465 2740 614 2815 spectare
635 2730 834 2817 intelligitur.
869 2728 985 2816 Neque
1017 2732 1050 2796 in
1073 2751 1112 2796 ea
1129 2741 1230 2817 parte

109 2838 281 2923 quidquam
304 2835 446 2919 allatum,
470 2855 535 2920 quo
547 2834 696 2923 Odyssea
720 2834 967 2901 excluderetur-t
991 2834 1119 2900 accedit
1136 2835 1225 2921 quod
1344 2835 1349 2842 ’

109 2963 207 3029 quum
230 2940 270 3004 de
291 2939 389 3004 lliadc
411 2939 546 3005 Aeolica
569 2940 676 3006 nullus
707 2948 853 3006 veterum
877 2939 1051 3029 quidquam
1074 2939 1226 3029 traditum

107 3045 283 3132 reliquerit,
306 3043 461 3110 Aeolicae
483 3044 653 3131 Odysseae
675 3043 794 3108 mentio
817 3064 896 3108 sane
921 3043 955 3106 in
977 3041 1118 3108 Scholiis
1141 3043 1226 3109 lacta

109 3160 169 3214 est.
205 3147 343 3213 Tantum
365 3169 445 3214 vero
474 3150 568 3214 abest
590 3156 625 3213 ut
648 3147 689 3213 ad
712 3146 894 3233 Odysseam
922 3144 1041 3232 solam,
1065 3165 1161 3232 quam
1184 3165 1226 3212 ne

107 3253 209 3318 verbo
231 3254 362 3338 quidem
385 3250 658 3337 commemoravit,
681 3264 797 3317 auctor
817 3254 982 3338 respicere
996 3252 1149 3343 potuerit,
1171 3252 1227 3320 vel

107 3367 279 3449 utrumque
310 3366 400 3420 certe
423 3376 551 3421 carmen
572 3357 701 3419 nomine
723 3355 866 3440 generali
887 3363 942 3442 τῆς
962 3355 1123 3442 ποιήσεως,
1156 3374 1224 3442 quo
1262 3392 1263 3395 ¹

107 3458 291 3544 appellavit,
325 3471 432 3542 mente
461 3460 652 3545 complexus
685 3460 739 3543 sit,
771 3468 808 3524 ut
839 3459 1008 3544 probabile
1029 3460 1081 3544 sit,
1117 3459 1231 3525 omnia·

107 3566 202 3629 unice
223 3565 266 3629 ad
288 3566 503 3631 conditionem
525 3564 667 3650 primarii
690 3564 840 3628 carminis
851 3560 1017 3628 Homerici
1033 3560 1232 3629 collustrena

107 3667 179 3731 dam
211 3678 376 3733 auctorem
409 3670 557 3735 conterre
590 3667 743 3734 voluisse.
796 3666 921 3733 Etenim
949 3688 1051 3752 quum
1084 3676 1233 3754 coam.

106 3780 233 3837 veteres
264 3774 298 3837 in
329 3773 445 3838 studiis
479 3773 660 3838 Homericis
692 3772 876 3856 primariam
906 3790 1039 3857 operam
1066 3774 1099 3836 iu
1121 3771 1231 3847 Iliadae

108 3873 302 3959 collocasse,
338 3896 379 3942 eo
406 3879 510 3963 magis
533 3875 708 3941 verisimile
738 3885 808 3961 cst,
840 3885 1006 3941 auctorem
1038 3874 1080 3953 de
1109 3874 1222 3961 lliado,

108 3999 202 4064 quem
234 3981 336 4046 solam
368 3983 504 4048 exordio
537 3982 729 4064 nominavit,
765 3984 879 4065 agerd,
915 3999 981 4065 qno
1013 3982 1135 4048 canius
1167 4001 1231 4048 ex-

106 4082 316 4165 spectandum
339 4086 444 4170 luerit,
468 4084 650 4172 Odyssean
672 4085 701 4149 si
722 4103 787 4148 una
807 4083 1036 4168 comprehendi
1049 4085 1232 4169 voluisset,-

106 4191 175 4256 eius
198 4188 294 4253 simul
314 4189 423 4276 aliqm
446 4190 543 4256 modo
566 4189 760 4254 mentionem
781 4190 942 4257 facturum
965 4191 1078 4269 iniisse.
1115 4192 1222 4256 Acce·

106 4299 151 4364 dit
173 4295 261 4382 quod
274 4293 449 4384 Zopyrum,
474 4316 570 4383 quem
582 4296 615 4360 in
629 4294 766 4361 testibus
777 4294 896 4383 laudat,
919 4294 1052 4367 iliadem
1062 4305 1223 4365 tractasse
