2902 4822
686 418 766 515 tta

169 619 325 702 scriptum
356 613 622 701 deprehenditur,
657 613 698 678 de
733 634 797 699 quo
830 636 861 680 v.
885 613 974 680 Bast.
1007 613 1049 680 ad
1083 613 1181 702 Greg.
1205 614 1280 683 Gor.

169 745 201 808 p.
224 723 287 787 215
310 733 342 786 et
363 723 435 786 839.
478 719 529 783 Ex
550 720 602 784 his
626 719 775 783 omnibus
807 720 870 783 iam
893 717 1106 804 Pluygersius
1139 721 1279 810 colligit:

173 827 372 908 ,Artisigma
389 827 485 910 igitur
502 834 534 889 et
546 835 698 908 punctum
717 824 756 887 iis
771 823 852 888 locis
864 823 1047 907 apponebat
1058 826 1279 908 Aristarchus,

168 933 201 995 in
223 929 340 1014 quibus
362 930 467 992 iustus
488 948 642 991 versuum
665 927 746 990 ordo
767 928 829 991 iam
852 927 1029 1012 antiquitus
1059 939 1148 994 essct
1170 929 1279 995 turba·

168 1044 231 1116 tus,
255 1033 325 1098 sive
348 1032 418 1096 ahis
452 1031 588 1095 aliorum
617 1031 724 1095 locum
747 1031 989 1112 obtinentibus,
1013 1042 1049 1096 ut
1070 1033 1103 1098 in
1124 1031 1162 1097 B.
1185 1033 1206 1097 l.
1230 1055 1275 1098 c.:

167 1139 238 1202 sive
260 1135 358 1222 quod,
380 1136 413 1200 in
435 1135 537 1216 libris,
569 1154 653 1218 quoa
675 1144 750 1198 ante
772 1132 886 1198 oculos
909 1133 1055 1220 haberet,
1086 1138 1277 1202 coniunctae

167 1250 437 1322 exstarent-quae
459 1237 633 1302 eorundem
663 1237 810 1301 locorum
832 1239 865 1301 in
895 1239 1035 1323 antiquis
1068 1238 1159 1305 libris
1181 1240 1279 1308 tradi·

165 1347 272 1410 tiones
293 1342 589 1408 essent'diversae:
627 1341 715 1426 quod
739 1341 775 1405 Θ.
798 1339 819 1405 l.
850 1361 877 1405 c
908 1340 1027 1406 iactum
1057 1353 1137 1408 esta
1184 1342 1277 1427 Quae

165 1450 215 1514 sic
238 1447 340 1531 probo
364 1456 398 1510 ut
421 1466 505 1531 quae
527 1455 692 1528 postremo
715 1446 822 1528 posita
843 1454 929 1525 sunt,
951 1445 985 1508 in
1007 1446 1179 1530 praecipua
1199 1467 1277 1512 con·

165 1550 357 1616 turbationis
394 1568 512 1614 caussa
543 1548 706 1613 censenda
739 1547 941 1628 contendam,
977 1549 1021 1612 ita
1046 1559 1081 1613 ut
1114 1551 1143 1614 si
1163 1552 1286 1617 stricte·

165 1654 325 1742 agendum
357 1663 419 1734 est,
451 1653 484 1718 in
517 1671 556 1716 ea
577 1652 661 1737 signi
692 1660 864 1736 potestate,
898 1671 994 1736 quam
1026 1653 1204 1736 scriptores
1236 1652 1278 1736 de
1327 1642 1329 1645 ’

144 1760 268 1846 'signis
289 1757 499 1823 Aristarchiis
520 1755 692 1837 tradidere,
724 1754 968 1820 consistendum
1001 1756 1055 1823 sit.
1097 1755 1276 1822 Permirum

164 1875 272 1928 autem
306 1861 401 1926 debet
422 1860 534 1942 videri,
566 1868 629 1923 tam
652 1879 756 1923 raram
786 1857 880 1922 huius
912 1860 997 1944 signi
1025 1861 1220 1951 montionem
1240 1863 1275 1930 iu

165 1965 279 2031 codice
301 1961 382 2028 Ven.
405 1964 493 2027 ficri:
528 1964 617 2047 quod
638 1964 740 2028 satius
763 1963 823 2026 erit
846 1971 957 2025 notare
980 1982 1075 2047 quam
1101 1963 1279 2047 explicare?

165 2051 315 2134 Ceterum
348 2068 518 2152 antisigma
540 2066 749 2132 Aristarchus
783 2084 824 2127 ex
846 2063 1016 2148 disciplina
1047 2065 1275 2150 Aristophanis

163 2181 328 2240 mutuatus
361 2181 422 2251 est,
457 2190 552 2255 quem
575 2190 615 2234 eo
638 2190 711 2235 cum
734 2169 846 2233 eadem
881 2178 1043 2251 potestate
1070 2170 1102 2234 in
1126 2166 1277 2256 Odyssea

163 2285 269 2340 carte-
286 2294 381 2339 usum
416 2294 491 2338 esse
525 2275 652 2338 ostendi
675 2281 704 2347 s.
727 2273 779 2335 24.
823 2270 996 2335 Praeterea
1025 2272 1169 2338 adhibuit
1190 2272 1276 2340 idem

162 2378 195 2442 in
216 2375 359 2440 notando
382 2375 514 2448 Comico
543 2377 753 2462 cognomine,
786 2374 926 2438 tortasse
949 2374 1045 2439 etiam
1066 2376 1100 2440 in
1127 2376 1275 2463 Platone,

165 2481 312 2565 quamvis
334 2479 387 2544 hic
407 2482 536 2564 punctis
558 2481 708 2563 utrinque
730 2477 875 2543 adiectis.

248 2582 418 2647 Postremo
450 2583 622 2648 afferamus
659 2580 819 2646 Anecdoti
853 2579 941 2646 Harl.
963 2582 1273 2670 interpretationem,

163 2686 347 2751 nominibus
375 2688 542 2770 signorum
565 2692 590 2758 O
613 2682 764 2768 ἀντίσιγμα
792 2694 824 2748 et
847 2700 875 2717 ··
900 2683 953 2748 oto
977 2685 1100 2770 στιγμαί,
1135 2676 1274 2753 seorsim

162 2791 195 2856 in
211 2789 320 2860 lodice
337 2791 453 2873 positis
473 2788 669 2853 subiectam:
694 2785 737 2851 Τὸ
761 2784 795 2850 δὲ
818 2783 970 2871 ἀντίσιγμα
991 2785 1042 2852 καὶ
1063 2787 1094 2853 αἱ
1113 2787 1167 2855 δύο
1191 2813 1274 2874 στιγ-

164 2894 225 2978 μαί,
255 2889 323 2960 ὅταν
345 2889 420 2957 κατὰ
441 2891 475 2957 τὸ
499 2892 569 2976 ἑξῆς
591 2887 637 2966 δὶς
658 2883 678 2976 ᾖ
705 2888 739 2954 τὸ
762 2886 835 2955 αὐτὸ
857 2887 955 2974 νόημα
984 2892 1124 2975 κείμενον,
1154 2890 1206 2959 καὶ
1227 2891 1276 2962 ἐπὶ

164 2995 214 3082 μὲν
235 3002 289 3062 τοῦ
310 2992 457 3081 προτέρου
477 2995 587 3060 τίθεται
617 2994 651 3059 τὸ
675 2990 835 3078 ἀντίσιγμα,
866 2991 915 3059 ἐπὶ
937 2991 971 3058 δὲ
999 2992 1052 3061 τοῦ
1085 2992 1222 3081 δευτέρου
1244 2997 1275 3065 αἱ

165 3099 219 3166 δύο
241 3100 363 3184 στιγμαί.
406 3099 442 3162 ln
471 3100 522 3164 his
544 3099 719 3163 notandum
742 3097 831 3162 nihili
864 3098 1049 3183 essequod
1084 3100 1124 3164 de
1147 3100 1275 3169 duobus

163 3189 293 3286 punctis
315 3200 472 3285 traditur3
510 3223 582 3266 nam
605 3205 675 3268 eius
698 3203 782 3287 signi
817 3220 883 3265 non
914 3201 1013 3266 modo
1035 3203 1121 3269 aliud
1154 3205 1277 3272 nullum

165 3305 348 3396 exemplum
381 3306 413 3369 in
436 3325 597 3391 quoquam
621 3315 826 3371 monumento
860 3306 982 3390 scripto
1014 3311 1184 3393 reperitur,
1218 3310 1279 3376 sed

165 3410 284 3473 erroris
319 3410 484 3474 commissi
507 3411 600 3495 origo
636 3410 770 3474 indicari
791 3418 910 3492 potest.
954 3409 1081 3476 Etenim
1115 3423 1150 3477 ut
1178 3433 1279 3497 supra

164 3513 227 3576 iam
261 3512 335 3576 loco
370 3512 509 3596 quodam
547 3515 642 3579 huius
678 3511 840 3589 Anecdoti
881 3513 1071 3576 sententiam
1107 3516 1279 3599 genuinam

88 3601 91 3603 ’
164 3614 331 3678 breviandi
363 3614 470 3679 studio
504 3625 536 3679 et
565 3615 660 3680 simul
693 3615 739 3678 rei
772 3615 939 3696 imperitia
964 3635 984 3679 a
1008 3614 1152 3682 librario
1172 3616 1281 3681 turba·

164 3724 228 3780 tam
261 3729 294 3782 et
327 3717 535 3783 obscuratam
570 3716 858 3803 deprehendimus,
899 3719 945 3782 ita
982 3716 1086 3782 simile
1108 3717 1280 3803 ,quiddam
1332 3727 1336 3730 ’
1383 3710 1388 3717 ’

165 3821 260 3884 etiam
287 3821 340 3886 hic
368 3822 489 3907 sactum
522 3843 596 3888 esse
629 3811 802 3887 admodum
834 3818 1001 3903 probabile
1019 3830 1095 3904 cst,
1118 3822 1279 3906 siquidem

164 3922 214 3988 ias
230 3990 232 3994 ,
250 3933 301 3988 est
331 3926 510 4009 suspicari,
556 3946 639 4011 quae
677 3926 717 3989 de
750 3943 813 3988 usu
839 3923 1009 4010 antisigma
1031 3933 1063 3989 et
1085 3935 1280 4009 punctorum

164 4027 365 4094 Aristarchio
404 4032 438 4094 in
471 4032 649 4119 archetypo
687 4031 869 4115 perscripta
904 4031 1083 4114 reperisset
1115 4031 1280 4101 hhrarium

165 4149 240 4198 cum
261 4133 433 4220 antisigma
455 4133 733 4218 circumpunctato
755 4135 974 4219 posteriorum
996 4137 1182 4208 criticorum
1203 4159 1281 4208 ccu-

164 4233 315 4306 sudosa
