2902 4822
693 397 845 492 43'

165 607 246 670 meri
257 605 463 671 adornandae
475 606 698 671 adhiberetur:
719 628 758 670 ex
771 626 836 690 quo
847 625 932 671 novo
945 606 1134 672 Homericae
1154 609 1279 676 criseas

165 711 363 774 incremento
376 710 540 793 egregium
553 713 717 792 specimen
735 710 904 774 exhibetur
915 731 946 794 p.
958 711 989 776 2.
1012 711 1043 773 b.
1066 711 1156 776 Haeo
1172 713 1278 776 omnia

166 811 384 875 consideranti
415 813 508 892 mihi,
545 832 644 896 quum
680 814 870 895 praesertim
898 823 1087 896 susceptum
1120 833 1278 879 munusa

165 916 235 977 viro
258 914 314 977 tali
336 915 586 998 administretur,
610 935 705 1000 quem
728 916 814 980 haud
837 918 942 980 minus
962 925 1111 980 accurata
1132 916 1278 980 doctrino

166 1037 262 1102 quam
284 1017 454 1099 splendido
478 1030 509 1081 et
531 1020 772 1102 promptissimo
796 1021 924 1103 ingenio
956 1019 1167 1082 excellentem
1188 1019 1279 1082 novi·

165 1139 248 1201 mus,
278 1130 341 1181 tam
373 1120 467 1183 avida
489 1123 671 1203 promissae
701 1121 850 1184 editionis
879 1125 1080 1204 exspectatio
1110 1121 1200 1184 nasci
1223 1120 1279 1183 de-

164 1222 244 1304 buit,
268 1233 303 1284 ut
325 1224 358 1283 in
380 1223 491 1284 talium
514 1224 732 1287 subsidiorum
755 1245 814 1306 spe
836 1243 961 1286 mecum
980 1234 1179 1306 reputarem,
1202 1242 1279 1287 num

164 1342 230 1387 non
261 1325 320 1387 toti
351 1325 426 1388 huic
458 1327 578 1389 veteris
609 1328 690 1390 ‘artis
721 1327 850 1389 criticae
880 1325 963 1405 loce,
1001 1345 1097 1409 quem
1129 1345 1188 1408 per
1215 1326 1279 1390 hoc

165 1427 359 1510 opusculum
392 1448 498 1490 meum
535 1428 736 1492 tractandum
771 1429 912 1508 sumpsi,
947 1427 1061 1491 melius
1095 1425 1278 1491 consultum

164 1528 264 1610 soret,
292 1530 320 1591 si
351 1549 540 1611 reponerem
571 1531 675 1593 donec
705 1531 760 1592 iiio
784 1530 976 1593 adminiculo
1010 1531 1071 1593 frui
1094 1529 1223 1593 liceret:
1258 1549 1277 1592 a

165 1649 229 1713 qua
252 1631 448 1714 cogitatione
471 1654 491 1695 a
512 1653 564 1696 me
587 1654 683 1696 uuum
707 1634 785 1697 iilud
808 1635 972 1696 revocavit
1002 1632 1088 1716 quod
1111 1652 1174 1695 non
1198 1633 1277 1695 iniu-

163 1733 211 1795 ria
235 1732 296 1796 dici
320 1733 413 1816 solet,
437 1735 515 1797 nihil
536 1737 569 1797 in
592 1737 656 1798 vita
680 1735 890 1798 differendum
913 1755 998 1800 esse.

156 1877 157 1880 κ
250 1834 316 1897 Iam
348 1856 427 1899 vero
458 1858 556 1921 quum
590 1848 717 1901 constet
749 1838 894 1901 codicem
917 1837 1088 1921 Venetam,
1123 1839 1214 1901 cuius
1237 1836 1278 1899 de

166 1938 269 2000 forma
292 1947 425 2001 externa
447 1949 478 2001 et
501 1939 608 2001 indole
631 1951 706 2021 post
728 1939 942 2004 Villoisonum
960 1951 992 2002 et
1010 1939 1277 2003 Siebenkcesium

165 2039 328 2102 uberrime
352 2043 503 2123 exposuit
524 2040 692 2104 Harlesius
711 2041 792 2104 Bibl.
812 2042 866 2106 Gr.
886 2043 980 2106 Fabr.
1002 2043 1040 2108 Τ.
1059 2043 1082 2107 l.
1105 2063 1137 2124 p.
1152 2041 1215 2104 396
1227 2061 1277 2123 sq.

164 2143 196 2205 in
218 2143 377 2225 primariis
407 2145 527 2208 veteris
559 2147 732 2209 notationis
763 2147 894 2209 criticae
922 2148 1065 2212 fontibus
1095 2145 1277 2210 habendum

164 2264 251 2324 esse,
274 2264 360 2308 nunc
383 2246 423 2310 de
446 2248 516 2311 sola
540 2269 578 2310 ea
600 2259 692 2330 parte
715 2248 887 2311 dicendum
909 2259 970 2329 est,
994 2269 1076 2333 quae
1099 2249 1277 2331 signaver-

163 2346 255 2410 sibus
278 2348 413 2431 singulis
436 2360 607 2413 contextus
642 2349 750 2412 lliadis
779 2351 906 2431 appicta
938 2351 1095 2414 ostendit:
1133 2369 1205 2412 nam
1235 2347 1277 2409 de

163 2449 288 2511 ratione
321 2448 524 2515 Scholiorum
563 2462 652 2514 reete
682 2452 879 2515 aestimanda
908 2473 973 2517 non
1005 2464 1056 2517 est
1087 2450 1278 2535 quod'post

163 2550 343 2634 Lehrsium,
376 2555 430 2637 qui
452 2575 519 2616 rem
550 2554 634 2618 libro
667 2555 717 2618 De
740 2555 855 2618 studiis
884 2556 1065 2620 Aristarchi
1095 2551 1276 2616 Homericis

164 2673 192 2717 c.
213 2652 236 2735 1,
260 2665 295 2718 ut
317 2666 391 2718 ante
415 2677 488 2720 eum
511 2677 616 2738 nemo,
640 2657 671 2719 in
694 2677 772 2720 vera
795 2656 868 2722 luce
891 2661 1010 2742 posuit,
1032 2657 1132 2722 verba
1153 2656 1276 2726 faciam.

163 2756 273 2839 Atque
303 2759 398 2820 etiam
421 2761 453 2821 in
484 2759 537 2822 illa
568 2769 660 2841 parte
697 2757 827 2824 Codicis
864 2761 956 2825 brevi
992 2782 1066 2826 esse
1092 2759 1168 2822 mihi
1190 2758 1276 2837 licet,

165 2859 315 2941 quoniam
338 2859 439 2923 verbo
463 2861 637 2943 repetenda
661 2872 736 2924 sunt
762 2883 844 2945 quae
868 2885 906 2927 ea
929 2865 970 2926 de
998 2884 1033 2928 re
1062 2860 1276 2945 Pluygersius

163 2961 197 3023 in
219 2960 328 3024 libello
351 2961 481 3026 laudato
504 2963 588 3044 apud
611 2975 774 3028 nostrates
797 2968 962 3030 rarissimo
994 2965 1178 3048 disputavit.
1215 2961 1278 3042 Qui

164 3085 263 3148 quum
284 3065 317 3127 in
339 3085 376 3128 se
399 3067 616 3147 suscepisset,
639 3069 797 3130 rationem
818 3079 965 3131 notarum
994 3069 1175 3132 criticorum
1198 3064 1278 3126 Ari-

164 3166 377 3230 starchiarum
400 3167 571 3250 illustrare,
595 3170 814 3252 comparando
838 3171 967 3254 quidem
989 3182 1083 3234 notas
1112 3165 1278 3232 contextui

164 3267 344 3350 adscriptas
368 3290 440 3333 cum
455 3269 606 3353 Scholiis,
630 3272 722 3335 ouius
745 3271 866 3336 laboris
889 3275 971 3336 ratio
995 3275 1063 3337 suis
1085 3271 1167 3335 locis
1191 3287 1277 3331 ame

163 3368 343 3452 habebitur,
362 3391 438 3450 'non
460 3375 564 3455 potuit
593 3375 808 3458 supersedere
838 3394 877 3437 ea
912 3376 1111 3458 quaestione,
1141 3372 1278 3457 quaein

164 3482 252 3535 recte
276 3475 473 3538 aestimanda
495 3475 666 3539 notationis
690 3486 862 3540 contextus
892 3480 1082 3541 auctoritate
1111 3485 1277 3538 versatur:

164 3576 196 3636 in
211 3596 272 3658 qua
290 3578 492 3662 profliganda
510 3598 608 3662 quum
628 3577 776 3658 exemplo
795 3580 1012 3643 emendatiore
1028 3600 1047 3642 a
1064 3577 1189 3642 Cobeto
1203 3595 1278 3658 pro·

164 3688 277 3742 curato
301 3680 517 3759 adiuvaretun
538 3681 658 3742 factum
682 3689 716 3742 ut
740 3680 825 3763 quod
856 3684 927 3764 ipse
951 3684 1094 3745 divinare
1124 3686 1278 3760 exparte

164 3793 347 3865 potueram,
371 3782 425 3845 ille
449 3782 629 3846 certissima
651 3785 926 3866 argumentatione
949 3786 990 3848 ad
1013 3783 1205 3846 evidentiam
1224 3781 1278 3843 de-

164 3895 376 3948 monstratum
408 3885 507 3947 daret.
552 3882 746 3968 Pluygersio
781 3885 879 3968 igitur
902 3888 997 3968 duce,
1029 3885 1121 3950 ouius
1153 3886 1279 3967 etipsa

163 3985 262 4049 verba
294 4008 365 4050 mea
386 3988 514 4068 faciam,
551 3987 614 4048 iam
637 3988 774 4069 primum
805 3999 945 4070 constat,
980 3985 1214 4069 „descripsisse
1237 4006 1278 4049 ex

164 4089 226 4151 alio
250 4089 363 4153 codice
386 4090 480 4173 signa
503 4088 612 4151 critica
647 4088 810 4150 librarium
840 4092 962 4157 codicis
986 4091 1085 4172 Vem,
1116 4108 1177 4152 nec
1199 4107 1278 4150 vero

164 4191 361 4255 scholiorum
393 4192 615 4254 auctoritatem
652 4200 799 4252 secutum
832 4195 937 4276 ipsum
970 4193 1072 4257 textui
1103 4191 1276 4255 addidisse.
