2902 4822
695 397 744 473 15

164 591 285 654 iectura
321 589 405 653 baud
437 585 656 670 improbabili,
690 606 751 652 nee
784 595 890 650 tamen
913 587 1059 670 probata,
1095 589 1271 656 Aristonici

163 690 245 755 liber
267 692 398 775 proprie
420 700 453 754 et
475 688 516 753 ab
539 689 628 755 initio
651 686 719 772 περὶ
747 684 948 773 Ἀριστάρχου
980 690 1109 776 σημείων
1135 688 1272 778 Ὁμήρου

163 792 339 876 inscriptus
370 792 496 856 fnisset.
540 787 622 856 Tum
648 789 734 853 idem
767 790 810 853 ita
834 791 961 854 statuit:
1006 791 1082 873 „Ab
1110 813 1273 858 commen·

163 895 254 959 tariis
283 893 465 958 Homericis
496 893 598 962 varia
612 901 646 956 et
673 892 876 960 extrinsecus
905 893 1029 959 adscita
1057 894 1205 961 doctrina
1227 898 1272 960 in·

95 1023 96 1026 ¹
163 997 305 1085 structis,
329 996 500 1081 inquibus
529 996 624 1059 etiam
646 993 687 1057 ab
709 993 899 1059 Aristarcho
932 994 1129 1062 dissensisse
1150 999 1272 1061 inveni-

164 1107 226 1177 tur,
261 1096 346 1165 libri
366 1099 408 1162 de
438 1099 522 1162 notis
553 1107 623 1162 toto
653 1095 764 1161 colore
793 1104 825 1158 et
860 1095 996 1161 consilio
1029 1097 1150 1162 diversi
1172 1098 1272 1162 luere.

164 1195 198 1260 ln
221 1197 271 1262 bis
299 1201 383 1263 enim
405 1220 496 1264 suam
525 1201 617 1284 quasi
640 1200 729 1262 exuit
756 1217 938 1282 personam,
971 1199 1004 1263 id
1035 1220 1134 1267 unum
1156 1212 1272 1268 totum-

164 1320 229 1383 que
249 1320 371 1386 agens„
393 1312 427 1366 ut
450 1323 532 1387 quas
554 1301 763 1366 Aristarchus
792 1309 886 1365 notas
914 1302 1063 1369 versibus
1091 1304 1272 1371 Homericis

164 1416 372 1488 apposuerat,
402 1426 458 1471 eas
480 1405 637 1470 indicaret
671 1424 793 1489 easque
814 1406 859 1468 ita
879 1404 1065 1489 illustraret,
1098 1418 1134 1473 ut
1156 1430 1273 1475 causas

164 1518 416 1593 argumentoque
449 1509 627 1573 Aristarchi
661 1507 989 1593 observationesque,
1024 1510 1142 1594 quibus
1174 1513 1273 1577 stabi·

164 1609 279 1674 liendis
313 1611 386 1675 illae
416 1623 511 1677 notae
544 1613 747 1695 inservirent,
777 1610 1000 1697 congereret.“
1055 1613 1105 1679 De
1126 1626 1273 1681 notarum

163 1713 246 1779 libro
268 1718 402 1800 accedo,
426 1719 455 1782 si
476 1718 573 1781 modo
603 1717 644 1780 de
665 1715 844 1781 illustrandi
872 1717 996 1780 ratione
1023 1715 1064 1780 ab
1086 1717 1273 1784 Aristonico

164 1819 309 1884 instituta
331 1820 439 1904 paullo
461 1821 592 1885 liberius
616 1820 758 1885 iudicare
780 1819 871 1883 licet:
896 1819 937 1882 de
959 1823 1196 1888 commentariis
1208 1822 1274 1887 llo·

166 1924 313 2006 merieis,
348 1944 431 2008 quos
452 1911 607 1989 Lehrhius
630 1925 730 2006 finxit,
759 1921 854 1985 valde
876 1922 998 1986 dubito.
1043 1922 1166 1988 Horum
1187 1925 1275 2009 apud
1340 1991 1345 2005 ,

165 2033 293 2089 veteres
316 2027 482 2109 expressis
510 2027 618 2089 verbis
648 2025 768 2089 mentio
790 2025 824 2088 tit
853 2023 951 2106 nulla,
982 2025 1070 2109 quod
1101 2045 1166 2091 non
1193 2027 1275 2112 fugit

165 2126 353 2210 Lehrsium,
394 2131 449 2215 qui
485 2140 591 2194 tamen
620 2138 711 2212 putat
741 2138 1010 2192 commemoratos
1042 2148 1101 2193 eos
1136 2130 1275 2194 fortasse

166 2253 240 2298 esse
269 2234 357 2317 apud
386 2234 590 2300 Ammonium
622 2234 663 2298 de
696 2233 761 2297 diff.
783 2254 817 2316 p.
841 2233 922 2314 103,
954 2233 1008 2296 ubi
1030 2235 1064 2296 in
1085 2245 1274 2319 argumento

165 2333 340 2399 Homerico
363 2327 566 2401 dilucidando
591 2336 725 2420 (Odyss.
749 2358 776 2417 o,
803 2335 881 2413 259)
912 2353 990 2397 sane
1017 2327 1218 2418 Ἀριστόνικος
1244 2333 1274 2399 ἐν

168 2434 351 2521 ὑπομνήματι
376 2438 534 2521 laudatur,
564 2436 713 2502 addendo
743 2447 798 2501 aut
819 2435 1037 2521 intelligendo,
1069 2447 1104 2501 ut
1126 2437 1275 2519 opinatur
1363 2512 1366 2527 Ι

166 2538 332 2622 Lehrsius,
351 2536 495 2626 Ὀμήρου.
539 2539 646 2623 Quid?
677 2537 898 2623 Suppeditabo
927 2539 998 2602 viro
1029 2538 1162 2623 egregio
1185 2536 1274 2601 locu·

167 2642 381 2724 pletissimum
404 2647 474 2709 eius
496 2645 543 2708 rei
565 2655 680 2710 testem
704 2644 958 2729 grammaticum,
988 2643 1081 2706 cuius
1104 2642 1213 2706 locum
1234 2662 1276 2706 ex

168 2747 240 2811 cod.
264 2747 366 2812 Havn.
388 2751 488 2833 intpp.
511 2750 552 2813 ad
573 2748 680 2834 Etym.
703 2747 746 2810 Μ.
780 2768 812 2831 ρ.
834 2746 900 2810 934
920 2743 1112 2809 attulerunt:
1153 2739 1277 2827 Κρόκος

167 2851 250 2937 παρὰ
272 2852 306 2918 τὸ
330 2851 359 2919 ἐν
381 2852 463 2938 κρύει
484 2854 562 2936 ἔχειν
584 2852 635 2936 τὴν
658 2852 788 2936 αὔξησιν,
822 2845 908 2914 οἱονεὶ
930 2843 1052 2931 κρύκιός
1073 2870 1115 2920 τις
1138 2846 1195 2912 ὤν·
1229 2847 1274 2924 (ν.

168 2955 272 3042 Etym.
307 2958 350 3022 Μ.
384 2980 417 3042 ρ.
445 2958 519 3040 539,
550 2958 607 3031 48)
642 2955 738 3029 οὕτως
770 2950 854 3038 εὗρον
887 2949 916 3015 ἐν
946 2944 1277 3034 ὑπομνήματι-Ἰλιάδος

168 3062 386 3146 Ἀριστονίκοοι
423 3082 506 3145 quae
530 3064 621 3126 vocis
651 3060 856 3146 etymologia,
887 3057 928 3120 ad
951 3055 1037 3119 iliad.
1061 3061 1093 3137 Ε,
1125 3056 1190 3119 348
1211 3056 1276 3122 f0r÷

167 3173 256 3229 tasse
278 3164 384 3246 allata,
414 3164 513 3228 nihilo
549 3164 684 3228 discedit
706 3164 823 3246 ineptia
851 3161 893 3225 ab
923 3161 962 3224 iis
984 3159 1161 3241 Aristonici
1182 3157 1275 3238 locis,

168 3287 251 3352 quos
266 3267 420 3332 Lehrsius
443 3289 474 3352 p.
490 3269 511 3331 3
533 3267 720 3350 perstrinxit
739 3283 886 3349 quosque
905 3262 1086 3345 consilium,
1110 3281 1175 3347 quo
1196 3260 1278 3324 liber

168 3384 317 3437 notarum
343 3375 563 3456 conscriptus
601 3382 701 3452 esset,
739 3367 947 3453 indagaturus
979 3365 1139 3449 apposuit.
1190 3361 1276 3425 Nihil
1304 3379 1306 3384 ·

169 3481 306 3565 planius,
337 3481 414 3544 nihil
445 3481 565 3544 certius
597 3477 653 3541 illo
687 3474 870 3540 testimonio
898 3472 932 3534 in
953 3469 1078 3532 Lehrsii
1107 3488 1185 3547 rem,
1215 3465 1277 3528 nisi

168 3586 253 3650 baud
276 3586 381 3650 minus
404 3585 499 3670 plane
521 3592 675 3664 certoque
697 3581 793 3642 etiam
815 3575 855 3638 de
876 3573 959 3637 libro
989 3580 1136 3635 notarum
1159 3567 1277 3632 Home·
1354 3633 1355 3638 ,

169 3691 308 3754 νίσοντο]
338 3697 512 3770 constaret,
543 3686 635 3750 cuius
665 3700 764 3767 quum
796 3677 991 3740 mentionem
1020 3670 1276 3753 subscriptiones

169 3791 369 3874 singularum
391 3791 497 3854 lliadis
519 3785 765 3868 rhapsodiarum
796 3782 829 3844 in
850 3777 991 3843 Scholiis
1013 3772 1147 3837 Venetis
1169 3771 1209 3836 A.
1232 3772 1276 3834 ita

170 3894 352 3977 exhibeant,
383 3889 557 3978 caprimum
576 3887 613 3953 τὰ
636 3883 837 3972 Ἀριστονίκου
871 3887 977 3963 σημεῖα
1010 3873 1060 3941 κοιὶ
1084 3873 1122 3941 τὰ
1151 3872 1277 3958 Διδύρου

170 3997 238 4084 περὶ
264 3987 318 4083 τῆς
339 3994 565 4081 Ἀρισταρχείοο
600 3990 803 4077 διορθώσεως,
837 3984 990 4050 Lehrsius
1023 3991 1111 4046 recte
1146 3979 1278 4064 quidem

170 4101 307 4165 istorum
344 4098 516 4162 verborum
545 4094 609 4157 vim
639 4091 820 4156 enucleavit
850 4107 881 4170 p.
904 4086 925 4147 2
952 4079 1189 4162 constituendo,
1212 4096 1276 4141 non

173 4203 279 4269 solum
301 4203 403 4268 textui
435 4211 528 4265 notas
552 4199 717 4282 appositas
740 4195 852 4274 luisse,
883 4188 942 4254 sed
964 4188 1057 4253 simul
1091 4207 1132 4249 ex
1151 4184 1276 4248 Aristo·
