2902 4822
632 411 680 486 17

101 601 143 665 ad
165 602 247 665 istos
270 602 517 664 commentarios
540 610 575 665 ut
596 603 809 689 fragmentum
844 623 942 685 supra
976 605 1148 668 excitatum
1172 625 1213 667 ex

102 715 285 769 commento
307 705 484 770 Aristonici
506 708 539 769 in
559 707 691 771 iliadem
710 708 901 790 referamus,
932 709 1029 771 immo
1053 730 1162 792 quum,
1186 711 1215 774 si

102 828 177 872 cum
201 806 441 891 subscriptione
459 808 582 873 Veneta
604 810 797 894 rhapsodias
825 810 1107 876 duodevicesimae
1129 832 1216 874 com-

102 932 218 996 ponas,
241 911 440 996 probabilius
470 913 523 977 vel
545 935 648 998 paene
683 916 897 979 certissimum
920 916 972 998 sit,
1009 915 1042 979 id
1064 937 1105 978 ex
1125 918 1214 979 libris

102 1027 252 1080 notarum
281 1017 411 1080 allatum
445 1037 530 1100 esse,
561 1021 798 1084 consectarium
827 1021 966 1098 videtur,
1000 1022 1159 1104 permulta
1182 1024 1214 1084 in

102 1118 153 1182 bis
176 1118 268 1182 libris
290 1118 367 1181 olim
389 1131 539 1185 contenta
567 1123 679 1204 fuisse,
703 1142 787 1205 quae
814 1121 855 1185 ad
878 1142 931 1186 res
960 1123 1001 1187 ab
1024 1124 1214 1190 Aristarcho

103 1231 256 1284 tractatas
280 1223 374 1284 etiam
397 1224 500 1307 magis
523 1223 743 1306 stabiliendas,
767 1225 932 1308 augendas
957 1225 1008 1288 vel
1031 1229 1124 1292 etiam
1144 1248 1215 1290 cor-

103 1324 257 1408 rigendas
284 1326 526 1408 pertinuissent,
556 1346 703 1410 quaeque
733 1328 935 1392 extrinsecus
969 1328 1091 1392 adscita
1115 1330 1217 1393 videri

103 1429 298 1510 potuissent.
341 1427 471 1490 Minime
505 1429 603 1512 igitur
635 1429 846 1493 laborandum
878 1431 1040 1495 videbitur
1077 1453 1138 1516 eo,
1168 1445 1216 1497 .ut

105 1550 189 1617 qnae
221 1532 472 1613 ascriptoribus
494 1533 619 1615 passim
652 1531 829 1596 Aristonici
861 1535 989 1596 nomine
1023 1537 1215 1618 excitantur,

105 1636 224 1722 quibus
253 1645 400 1720 quaeque
430 1637 537 1702 lliadis
566 1637 618 1701 vel
650 1637 819 1722 Odysseae
848 1636 929 1704 lonis
960 1642 1065 1724 posita
1088 1643 1216 1725 fuerint,

106 1742 327 1824 ostendamus,
358 1763 457 1828 quum
479 1745 508 1806 si
530 1743 607 1826 quid
630 1763 702 1807 cum
725 1744 923 1827 argumentis
946 1742 1128 1809 Homericis
1151 1766 1216 1807 non

107 1845 308 1908 concordare
341 1847 540 1929 reperiatur,
582 1844 616 1908 id
644 1847 677 1909 in
712 1845 807 1908 simili
837 1844 1010 1909 Homerico
1044 1848 1216 1910 occasione

106 1949 239 2012 fortuito
262 1931 367 2014 oblata
390 1951 518 2013 tractari
540 1950 691 2032 potuerit,
715 1949 905 2032 praesertim
928 1963 1027 2032 quum
1049 1947 1155 2014 locum
1179 1971 1217 2014 ea

106 2077 202 2120 suum
223 2057 257 2120 in
278 2058 405 2142 sylloge
428 2053 578 2139 ὀνομάτων
602 2050 799 2134 ἀσυντάκτων,
822 2073 917 2135 quam
929 2051 1047 2118 Suidas
1076 2074 1216 2118 comme-

107 2167 211 2222 morat
242 2159 291 2243 1),
332 2161 494 2244 reperisse
528 2159 675 2242 possint:
710 2158 838 2220 tametsi
869 2158 977 2239 operis
1010 2157 1105 2221 huius
1135 2162 1217 2241 quac

107 2261 188 2324 ratio
211 2261 322 2344 fuerit,
346 2262 387 2325 de
410 2282 470 2346 qna
494 2261 624 2325 siluisse
648 2259 743 2323 doleo
766 2259 952 2340 Lehrsium,
984 2260 1060 2321 mihi
1089 2260 1218 2342 quidem

106 2384 171 2427 non
205 2364 316 2448 liquet,
350 2387 448 2450 quum
480 2366 555 2428 mihi
591 2383 654 2427 non
684 2361 898 2446 persuadeam
928 2373 963 2425 nt
995 2364 1065 2425 eius
1088 2365 1218 2446 generis

107 2479 330 2552 argumentum
353 2471 507 2534 habuisse
530 2468 669 2550 credam,
694 2466 781 2551 quod
803 2464 899 2529 allato
919 2463 1023 2550 Etym.
1047 2464 1090 2528 M.
1113 2486 1144 2548 p.
1155 2468 1215 2529 401

107 2571 337 2658 Bernhardyus
361 2574 402 2638 ad
430 2556 562 2648 Suidam
585 2594 614 2636 v.
634 2560 837 2655 Ἀριστόνικος
869 2570 1050 2655 significare
1081 2571 1217 2653 videtur,

106 2688 143 2742 ut
163 2679 348 2742 dicerentur
376 2676 549 2758 ἀσύντακτα,
579 2696 662 2760 quae
692 2672 886 2758 singularem
916 2671 969 2736 vel
999 2673 1218 2759 prodigiosam

108 2780 316 2844 ostenderent
337 2781 498 2844 fabricam.
553 2776 747 2843 ’Λούνταιιτον
770 2771 804 2838 δέ
827 2771 897 2854 ἐστι,
927 2774 1030 2858 inquit
1051 2774 1218 2859 Etymolc·

107 2902 181 2965 gus,
203 2881 237 2945 τὸ
260 2882 300 2966 μὴ
321 2882 393 2964 ἕχον
426 2883 481 2962 [ita
504 2880 609 2944 malim
632 2899 691 2962 pro
714 2875 807 2961 ἔχειν]
840 2885 1015 2961 χαρακτῆρα
1033 2874 1216 2960 Ἑλληνικόν,

107 2981 376 3070 ᾒκαταφορτοιόν,
404 2983 449 3061 ὡς
469 2991 520 3048 τοῦ
544 2980 606 3068 peto
639 2979 655 3046 ὁ
679 2977 806 3065 μέλλων,
834 2978 884 3048 καὶ
911 2988 963 3044 τοῦ
986 2977 1162 3064 ἐκτρώοαοα
1182 2979 1216 3045 τὸ

161 3239 192 3299 l)
211 3238 336 3295 Aliorum
361 3244 525 3312 scriptorum
545 3241 695 3296 Aristonici
718 3258 772 3296 non
791 3247 878 3296 exstat
895 3248 972 3296 certa
995 3240 1128 3294 memoria
1150 3238 1217 3303 ulla,

162 3326 166 3329 ’
214 3319 268 3382 nisi
286 3330 358 3401 quod
377 3330 410 3384 de
429 3329 524 3384 Museo
543 3330 731 3384 Alexandrino
755 3329 874 3399 scripsit,
901 3329 1007 3401 dequo
1027 3344 1110 3399 opere
1129 3343 1218 3397 nuper

213 3417 343 3472 disseruit
373 3418 512 3472 Heffterus
540 3416 702 3471 Zeitschrift
728 3416 749 3472 Ι.
776 3416 801 3468 (Ι.
827 3414 944 3469 Altertb.
971 3418 1047 3478 1839,
1074 3413 1124 3471 Νο.
1155 3415 1215 3470 108,

158 3535 167 3541 -
210 3520 237 3573 p.
256 3505 315 3555 859.
350 3502 392 3557 De
412 3505 473 3556 eius
491 3506 519 3556 in
536 3501 686 3556 Hesiodum
705 3503 781 3559 curis
805 3502 893 3554 statim
913 3499 1029 3553 dicetur.
1064 3499 1214 3552 Praeterea

211 3590 245 3643 de
262 3590 381 3646 Pindaro
399 3591 531 3660 quaedam
550 3595 719 3642 commentus
747 3593 797 3651 est,
816 3586 850 3638 de
877 3585 975 3656 quibus
992 3603 1018 3638 v.
1038 3584 1161 3638 Roeekh.
1180 3583 1214 3636 ad

211 3675 289 3729 Pind.
307 3677 326 3730 Ι.
344 3677 379 3740 1.,
402 3693 437 3729 an
455 3691 539 3746 opere
562 3675 707 3744 peculiari,
734 3674 839 3741 ignoro.
879 3670 957 3736 Quae
980 3670 1128 3724 observata
1152 3670 1214 3724 Ari·

191 3787 194 3792 ·
212 3764 319 3831 stonico
344 3761 470 3816 dicuntur
489 3761 523 3813 de
543 3761 742 3827 significatione
760 3776 789 3812 v.
815 3757 887 3817 ἄλσος
905 3757 976 3827 apud
993 3755 1087 3810 Schol.
1105 3754 1215 3828 Olymp.

210 3845 257 3912 ΙΙΙ,
281 3849 325 3913 dl,
351 3847 459 3900 scilicet
486 3845 520 3898 ad
539 3843 724 3899 excusandum
752 3842 915 3896 insolentem
934 3841 995 3894 eius
1024 3841 1101 3894 vocis
1129 3857 1216 3904 usum,

211 3937 273 4002 puri
292 3934 373 3987 modo
392 3941 518 4004 spectant
536 3934 569 3986 ad
584 3931 660 3986 lliad.
682 3931 705 3999 β,
723 3933 788 3983 506:

293 4013 465 4091 Ὀγχηστόνδ’
484 4017 546 4094 ἱερὸν
569 4014 706 4088 Ποσιδήϊον,
724 4015 814 4088 ἀγλαὸν
832 4014 911 4080 ἄλσος,

212 4104 259 4158 ubi
273 4105 446 4160 insolentiam
462 4107 538 4158 vocis
554 4110 649 4156 notare
670 4101 846 4155 Aristarchus
859 4108 1000 4173 potuerat:
1019 4102 1104 4173 ἥκιστα
1116 4101 1172 4175 γὰρ,
1193 4107 1220 4153 nt

212 4194 250 4245 ait
263 4191 356 4246 Soliol.
370 4191 488 4257 Pindari,
505 4182 832 4273 δενδρώδης”ογχηστός,ιέφ
844 4187 946 4263 ,ὑψηλοῦ
958 4189 1072 4262 κείμενος.
1089 4191 1118 4244 ln
1134 4190 1220 4244 Scbo.
1302 4257 1304 4260 Α
1409 4163 1411 4165 ¹

212 4278 258 4331 liis
272 4286 362 4331 antem
377 4275 536 4330 Homericis
552 4276 654 4328 nullum
668 4274 763 4327 horum
773 4276 927 4344 vestigium.

992 4364 1012 4424 2
