2902 4822
691 402 818 511 ’τω

227 632 385 697 asterisco
408 631 576 716 appositus
597 639 683 692 erat:
707 628 796 712 qnod
807 626 938 712 egregie
950 625 1161 709 cognoscitur
1172 644 1215 689 ex
1224 622 1336 691 sonu.

227 734 267 799 Α
290 733 396 798 Iliadis
418 753 549 809 versum
571 733 729 797 asterisco
751 740 895 794 notatum
924 730 1100 792 referente:
1136 724 1154 792 ti
1177 726 1213 793 δέ
1244 725 1337 794 ἀστι-
1381 814 1384 819 .

228 838 340 922 ρίοκος,
362 833 407 901 ὅτι
428 833 457 901 έν
479 839 521 923 τῷ
544 839 567 900 Ξ
587 844 641 921 τῆς
663 830 844 907 Ὀδυσσείας
864 842 970 906 κακῶς
991 827 1119 916 φέρεται.
1133 860 1174 875 ·-
1189 830 1337 896 Eximius

227 942 321 1005 loeus
344 951 395 1004 est
416 963 449 1020 τι,
472 941 545 1004 280.
568 960 618 1024 sq.
640 940 697 1003 ubi
719 937 829 1002 Sohol.
860 932 958 1000 ἀθετεῖ
980 932 1145 1018 Ζηνόδοτος
1171 934 1216 1019 oi·
1242 932 1337 1001 πάθεν

227 1041 285 1129 γὰρ
307 1041 375 1129 ᾔδει
394 1041 432 1108 τὰ
454 1040 533 1107 ὅπλα
558 1039 587 1106 ἓν
608 1045 653 1127 τῷ
675 1038 802 1125 ἀνδρῶνι
823 1037 1020 1124 ἀνακείμενος
1051 1035 1170 1112 οἰκείως
1199 1037 1235 1103 δὲ
1256 1037 1338 1124 χρή-

229 1169 310 1212 σεται
339 1153 386 1232 τῷ
418 1145 501 1233 λόγῳ
531 1141 598 1211 δ’ταν
628 1142 704 1209 αὐτὰ
735 1140 888 1227 θεάσηται.
940 1143 1031 1208 Haeo
1063 1145 1092 1209 si
1120 1143 1339 1225 improbasset

231 1250 451 1332 Aristarchus
475 1249 592 1333 diplam
616 1257 799 1333 punctatam
815 1248 963 1312 versibus
984 1267 1149 1332 apponero
1160 1245 1339 1312 debuisset.

229 1353 296 1419 Sed
325 1373 480 1419 assensus
510 1363 560 1416 est
582 1351 761 1416 Zenodotn.
806 1349 937 1414 Scilicet
969 1352 1124 1415 iterantur
1155 1352 1190 1415 hi
1220 1371 1339 1416 versus

227 1457 343 1520 indea
372 1457 436 1520 285
465 1457 547 1519 inira
568 1480 594 1535 τ,
622 1456 654 1538 5,
685 1455 739 1518 ubi
769 1457 800 1517 in
828 1453 937 1518 Schol.
968 1453 1055 1517 Harl.
1089 1453 1278 1519 adnotatur:
1312 1452 1340 1520 οί

208 1557 409 1643 ’ἀστερίσκοα
432 1555 476 1622 ὅτι
497 1556 605 1623 ἐνθάδε
626 1561 738 1638 καλῶς,
761 1554 811 1621 ὅτε
833 1553 952 1640 ἑώρακε
970 1553 1008 1621 τὰ
1028 1553 1116 1637 ὅπλα,
1139 1578 1224 1642 qnae
1239 1558 1338 1623 verba

157 1693 163 1712 ·
229 1672 435 1746 opponuntur
464 1663 564 1744 priori
592 1662 677 1743 loeo,
712 1663 831 1744 quippe
854 1680 919 1743 quo
941 1663 1002 1723 ista
1027 1679 1090 1723 non
1114 1660 1197 1725 bene
1218 1661 1339 1726 habere

229 1765 384 1828 dicantur.
413 1763 521 1847 Atque
538 1782 654 1828 versus
672 1786 698 1844 τ,
715 1765 823 1826 4-12
841 1766 873 1826 in
884 1763 1022 1827 Vindob.
1040 1783 1154 1826 revera
1173 1764 1339 1828 asterisois

230 1867 331 1930 notati
353 1875 438 1947 sunt,
463 1867 586 1931 adiecta
607 1866 666 1930 hae
683 1878 775 1931 nota:
799 1864 968 1949 ἀναγκαίως
982 1866 1009 1932 οἱ
1022 1864 1192 1950 ἀστερίσκοτ
1204 1863 1339 1948 emo«,

233 1966 282 2034 διε
304 1965 423 2053 ἑώρακε
444 1965 481 2034 τὰ
502 1966 589 2035 ὅπλα
624 1972 784 2036 Asterisoi
806 1971 904 2054 igitur
926 1991 1023 2054 quum
1047 1972 1187 2055 appositi
1209 1971 1339 2052 suerint,

229 2094 367 2138 necesse
390 2083 440 2136 est
472 2083 650 2138 statuamus
685 2074 725 2136 ah
748 2073 949 2156 Aristarcho,
984 2095 1080 2158 quem
1102 2074 1164 2138 hao
1191 2073 1341 2160 signandi

135 2241 137 2245 ,
230 2179 355 2240 ratione
388 2177 422 2238 in
445 2176 603 2239 eiusmodi
624 2175 770 2240 locorum
793 2177 962 2239 iteratione
994 2196 1089 2240 usum
1112 2177 1246 2264 seimus,
1281 2196 1341 2243 eos

229 2268 407 2345 asteriscos
431 2279 578 2362 appiotos
603 2298 694 2342 esse:
717 2289 786 2342 tum
809 2299 887 2343 vero
910 2281 1005 2342 etiam
1028 2281 1137 2363 priore
1158 2262 1342 2347 loeo-'aue-

230 2385 324 2448 risois
347 2381 460 2446 obelos
482 2382 610 2446 additos
631 2381 744 2464 fuisse,
768 2382 801 2445 id
823 2382 911 2466 quod
934 2384 1064 2467 egregie
1087 2383 1255 2448 confirmat
1275 2383 1342 2449 Eu·

229 2487 368 2550 stathius
390 2485 433 2548 ad
454 2485 668 2566 posteriorem
691 2484 799 2547 locum
822 2506 851 2568 p.
876 2485 970 2566 1852,
993 2485 1036 2548 ad
1056 2506 1106 2549 vs.
1128 2486 1164 2548 4:
1194 2487 1270 2552 ἔνθα
1289 2485 1341 2553 καὶ

231 2588 351 2671 στίχους
368 2579 537 2659 Ὀδυσσεὺς
559 2582 667 2659 αὐτοὺς
688 2584 817 2662 ἐκείνους
840 2585 1080 2671 ἀπαραλλάκτως
1106 2585 1195 2671 λέγει,
1217 2587 1271 2665 οὓς
1289 2587 1341 2656 καί

231 2688 318 2774 έντῇ
339 2712 362 2752 π
384 2683 525 2775 ῥαψῳδία
547 2686 615 2772 περὶ
635 2697 693 2753 τῶν
717 2685 818 2754 ὅπλων
846 2692 888 2769 τῷ
911 2686 1081 2776 Τηλεμάχῳ
1103 2690 1177 2776 ἔφη,
1204 2689 1339 2778 ἀρξάμε-

206 2816 280 2882 ,ιος
301 2791 401 2857 οὕτω·
435 2789 654 2876 Τηλέμαχε...
683 2790 732 2857 καὶ
761 2794 833 2878 ἑξῆς
853 2793 922 2867 τοὺς
953 2789 1032 2858 ὀκτὼ
1062 2794 1182 2878 στίχους
1209 2792 1342 2873 ἐκείνους

220 2895 291 2970 -ἕως
312 2898 363 2960 τοῦ
385 2893 496 2976 ,αὐτὸς
516 2893 573 2980 γὰρ
597 2892 751 2979 ἐφέλκεται
782 2896 876 2981 ἀνδρα
899 2898 1060 2981 σίδηροςίί·
1083 2899 1156 2964 ἔνθα
1177 2897 1228 2964 καὶ
1248 2909 1341 2967 κεῖται

229 2998 290 3085 πρὸ
313 2999 381 3074 ἑνὸς
403 2996 530 3064 ἑκάστου
565 2999 667 3080 στίχου
690 2995 865 3084 ἀστερίσκος
897 3000 969 3083 δίχα
999 2995 1116 3083 ὀβελοί,
1149 2999 1194 3077 ὡς
1215 2999 1340 3068 ἐνταῦθα

229 3103 446 3169 τῶντοιούτων
469 3103 578 3186 στίχων
611 3101 715 3186 ἄριστα
747 3099 897 3186 κειμένων,
932 3100 982 3168 καὶ
1012 3100 1075 3169 οἷον
1108 3101 1233 3189 ἀστέρος
1255 3105 1339 3190 δίκην

219 3201 414 3289 λαμπόντων,
448 3202 483 3269 οὒ
506 3205 575 3289 ,μὴν
609 3201 680 3286 ἐκεῖ,
714 3202 758 3279 ὡς
790 3202 984 3290 ἐπικρίνουσιν
1013 3206 1041 3272 oi
1068 3209 1197 3273 παλαιοί.
1242 3207 1339 3274 certo

229 3309 314 3372 eninr
342 3307 529 3389 concludas,
563 3328 662 3393 quum
684 3308 736 3372 hio
759 3309 873 3372 obelos
901 3329 966 3372 non
995 3311 1130 3393 reperiri
1157 3311 1339 3395 adnotetur,

229 3410 295 3475 illio
316 3429 375 3475 eos
398 3411 567 3494 appositos
583 3411 701 3476 fnisse.
723 3445 766 3458 -
789 3410 867 3475 Item
890 3415 921 3491 θ,
944 3414 1008 3493 567
1019 3433 1027 3476 τ

213 3562 216 3567 .
332 3521 375 3599 φῆ
397 3511 468 3577 ποτὲ
492 3514 632 3597 Φαιήκων
655 3511 772 3597 ἀνδρῶν
794 3510 917 3596 ἐὐεργέα
938 3522 994 3597 νῆα

332 3614 367 3679 tx
388 3625 509 3702 πομπῆς
531 3614 664 3682 ἀνιοῡκαν
688 3615 718 3681 ἐν
738 3613 886 3701 ἠεροειδέϊ
906 3612 1006 3699 πόντῳ

331 3715 507 3803 ῥαισέμεναι,
530 3717 605 3804 μέγα
627 3713 654 3784 δ’
679 3717 745 3804 ἧμιν
768 3719 840 3805 ὄρος
861 3716 947 3782 πόλει
968 3716 1201 3806 ἀμφικαλύψειν,

228 3822 283 3887 ubi
315 3820 520 3887 Eustathins:
556 3822 725 3905 Σημείωσαι
757 3821 791 3886 δὲ
825 3819 875 3886 καὶ
904 3818 949 3885 ὅτι
979 3819 1105 3890 ἐνταῦθα
1133 3823 1184 3907 μέν
1204 3821 1241 3889 τδ
1263 3820 1341 3889 stri&
1383 3825 1386 3831 ’

228 3922 279 3988 τὸν
311 3924 448 4008 χρησμὸν
480 3925 591 4008 χωρίον
626 3922 800 4006 ὀβελίσκους
833 3924 899 4007 ἔχει
923 3921 997 4007 μετὰ
1031 3921 1184 4012 ἀστέρων·
1224 3920 1261 3993 δι’
1297 3922 1340 3993 ὧν

230 4028 380 4110 δηλοῦται,
412 4025 458 4101 ot<
486 4024 619 4093 ἐνταυθοῖ
652 4026 685 4094 οὒ
720 4032 823 4101 καλῶς
840 4036 951 4092 κεῖνται
971 4024 1009 4092 τὰ
1035 4028 1111 4113 ἔπη,
1144 4026 1283 4115 ’ἀλλαχοῦ
1304 4028 1340 4099 δὲ

103 4202 106 4207 J
230 4129 336 4214 ἀριστα
363 4130 442 4212 ἔχει·
478 4131 560 4194 δοκεῖ
587 4129 645 4216 γὰρ
676 4129 711 4197 οὔ
744 4136 878 4204 πιθανῶς
911 4133 1080 4216 πλασθῆναι
1105 4132 1141 4199 τὸ
1160 4137 1341 4219 πεμφθῆναι

230 4231 337 4299 οἴκαδε
356 4235 448 4306 ξεῖνον
470 4230 529 4297 ὑπὸ
552 4230 695 4302 Φαιάκων
716 4236 852 4320 ἔχθιστον
872 4233 1105 4318 τῷιΠοσειδῶνι,
1127 4231 1340 4321 οὖσδνιρίβον
