2902 4822
664 454 746 552 ,37
855 483 858 495 ·

164 644 315 730 opusculi
346 644 491 708 notitiam
524 643 699 729 dederunt,
722 649 749 721 ¹)
792 647 986 730 affirmatur,
1023 645 1175 714 Servium
1207 651 1277 718 eius

163 764 330 814 auctorem
364 768 450 830 esse,
483 748 519 810 id
551 748 679 833 quoda
702 747 847 835 Bergkio
879 749 1026 815 adnotari
1049 772 1113 817 oon
1137 755 1278 838 memini,

164 852 269 916 errori
298 849 521 934 tribuendum,
555 871 596 914 ex
626 870 684 935 eo,
719 860 754 916 ut
786 852 939 937 videtur,
966 856 1155 940 repetendo,
1190 858 1278 942 quod

163 953 360 1037 subscriptio
383 952 541 1038 quaedam
562 953 671 1018 Seruii
687 957 898 1041 prummatici
917 975 1035 1021 nomen
1067 959 1223 1025 exhibens
1245 961 1280 1024 in

164 1056 279 1121 codice
302 1057 473 1139 reperitur,
503 1078 523 1121 a
544 1056 774 1122 Mommsenio
791 1078 863 1122 cum
887 1059 993 1124 fructu
1016 1062 1048 1125 in
1074 1061 1181 1127 lucem
1203 1083 1279 1146 pro·

164 1159 273 1241 ducta,
295 1158 384 1241 apud
404 1159 581 1244 Bergkium
602 1183 633 1244 p.
656 1162 709 1244 82,
733 1181 774 1224 ex
797 1180 860 1245 qua
888 1165 1107 1247 consequitur,
1132 1164 1279 1230 codicem
1328 1232 1330 1238 ,

148 1282 192 1332 a.
207 1262 272 1325 780
293 1263 449 1344 scriptum
472 1284 558 1347 esse,
582 1264 660 1327 nihil
681 1284 761 1328 vero
783 1265 824 1327 ad
846 1274 1012 1329 auctorem
1031 1265 1139 1329 libelli.
1170 1265 1279 1348 Quan-

164 1373 234 1427 tum
255 1365 334 1428 vero
357 1364 400 1427 ad
420 1375 561 1429 aetatem
583 1367 733 1449 opusculi
752 1368 858 1450 ipsam
875 1369 997 1451 attinet,
1020 1367 1157 1451 Isidoro,
1182 1389 1278 1453 quem

163 1468 198 1529 in
221 1465 337 1531 eodem
358 1466 432 1532 loco
455 1468 646 1551 explicando
669 1479 835 1534 versatum
856 1477 886 1543 ς.
898 1490 970 1554 seq.
991 1470 1221 1553 producemus,
1244 1471 1279 1535 id
1394 1532 1397 1538 ,

158 1568 269 1632 fuisse
291 1570 463 1652 antiquius,
485 1582 522 1635 ut
544 1573 633 1656 quod
654 1573 759 1636 adhuc
780 1573 894 1636 harum
918 1581 1065 1635 notarum
1083 1593 1179 1636 usum
1195 1574 1279 1638 litte-

166 1673 212 1734 ris
234 1673 336 1735 sacris
358 1672 534 1738 adhibitum
566 1675 773 1760 ignoraverit,
804 1675 880 1738 dum
903 1684 1015 1760 eontra
1043 1674 1202 1739 Isidorum
1229 1676 1279 1740 fu·
1348 1742 1354 1748 ,

165 1776 257 1860 gisse
277 1774 435 1858 videatur,
459 1777 554 1839 etiam
576 1778 610 1840 in
632 1775 848 1840 Romanorum
872 1777 1002 1860 seriptis
1028 1797 1084 1842 eas
1106 1787 1278 1862 usurpatas

166 1895 253 1958 esse,
275 1875 424 1941 lubenter
445 1877 589 1964 Bergkio
611 1900 641 1962 p.
656 1880 712 1941 111
742 1881 967 1943 concedimus:
991 1881 1079 1962 quod
1096 1900 1176 1944 vero
1194 1879 1279 1944 idem

166 1979 287 2061 statuit,
311 1981 450 2061 epitome
472 1980 576 2064 aliqua
610 2002 651 2046 ex
673 1981 781 2045 libello
804 1981 981 2046 Parisiensi
1010 1983 1094 2046 faeta
1117 1982 1278 2047 Isidorum

167 2099 227 2164 pro
246 2081 346 2145 fundo
366 2083 468 2166 ipsius
489 2086 598 2166 operis
621 2106 715 2148 usum
732 2106 808 2149 esse
828 2104 964 2168 eamque
985 2083 1166 2148 adiiciendo
1185 2104 1278 2167 prae·
1312 2148 1313 2152 ,

166 2185 277 2248 sertim
311 2205 360 2267 ea,
385 2204 468 2269 quae
489 2186 530 2249 ad
563 2207 656 2250 sacra
693 2189 813 2271 scripta
846 2189 1053 2271 pertinerent,
1086 2206 1147 2252 suo
1179 2186 1279 2267 modo
1308 2247 1313 2251 .
1393 2272 1397 2280 ἢ

167 2289 393 2371 exornavisse,
425 2298 461 2352 ut
493 2291 651 2352 incertum
681 2291 715 2353 in
750 2292 856 2353 medio
891 2289 975 2352 malo
1007 2288 1198 2370 relinquere.
1242 2286 1279 2351 Si

167 2397 275 2452 tamen
307 2409 345 2452 ea
366 2390 407 2454 de
436 2411 472 2454 re
493 2390 698 2455 iudicandum
722 2403 782 2473 est,
818 2392 894 2476 quid
924 2389 1084 2474 estquod
1108 2410 1277 2475 negemus,

166 2490 230 2555 boc
252 2494 324 2575 ipso
346 2493 455 2558 libello
476 2495 667 2557 intemerato
698 2493 857 2557 Isidorum
887 2493 920 2554 iu
942 2491 1130 2556 adornaudo
1153 2511 1214 2556 suo
1237 2494 1279 2557 de
1357 2526 1358 2529 ¹

167 2595 253 2658 notis
276 2597 381 2679 eapite
412 2617 506 2661 usum
540 2617 627 2678 esse,
656 2616 753 2678 quum
776 2596 966 2678 praesertim
1001 2597 1121 2677 passim
1144 2593 1185 2676 ad
1207 2616 1279 2660 ver·

166 2697 244 2760 bum
258 2718 363 2782 usque
382 2719 455 2762 cum
475 2699 531 2762 illo
550 2697 737 2780 conspiret?
760 2698 964 2762 Probabilior
982 2696 1127 2760 eiusdem
1144 2697 1277 2780 Bergkii

168 2801 351 2864 coniectura
374 2812 425 2865 est
447 2801 488 2863 de
509 2801 608 2883 fonte,
633 2821 674 2865 ex
697 2820 761 2885 quo
778 2811 893 2865 auctor
911 2799 1071 2862 Anecdoti
1090 2798 1194 2862 Paris.
1217 2820 1277 2863 sua

166 2901 320 2985 hauserit,
353 2902 504 2967 videlicet
526 2904 688 2985 epitomeu
715 2924 790 2967 esse
811 2903 920 2986 operis
938 2921 955 2964 a
975 2899 1132 2964 Suetonio
1152 2901 1193 2963 de
1222 2919 1277 2963 co·

167 3004 242 3068 dem
263 3015 453 3090 argumento
483 3006 668 3089 conscripti,
703 3008 743 3070 de
767 3026 831 3091 quo
854 3026 884 3069 v,
904 3011 932 3078 s.
955 3004 993 3066 6:
1028 3021 1112 3086 quae
1142 3000 1277 3086 quidem

166 3111 325 3171 sententia
346 3117 381 3171 ut
403 3109 570 3192 ingeniosa
593 3118 653 3189 est,
678 3119 784 3171 tamen
802 3128 900 3191 quum
919 3125 959 3169 eo
981 3104 1183 3188 potissimum
1197 3105 1277 3184 nitaq

165 3219 236 3294 tur,
266 3231 331 3273 non
353 3209 460 3275 solum
483 3210 571 3292 quod
600 3211 633 3273 in
655 3230 695 3274 eo
724 3210 835 3273 libello
865 3208 942 3273 nihil
963 3209 1158 3289 reperiatur,
1188 3206 1276 3291 quod

165 3332 221 3375 res
243 3310 399 3376 Suetonio
430 3314 629 3395 posteriores
659 3315 811 3398 attingat,
848 3311 906 3375 sed
929 3310 1017 3394 quod
1049 3312 1081 3373 in
1105 3311 1144 3373 iis
1168 3311 1277 3393 quiin

166 3415 316 3477 notandis
339 3416 468 3499 scriptis
500 3434 631 3498 operam
659 3418 864 3499 posuissent,
895 3423 1061 3496 postremo
1099 3411 1174 3475 loco
1197 3409 1277 3474 Pro·

165 3517 229 3580 bus
252 3527 531 3599 commemoretur,
563 3521 617 3602 qui
640 3540 737 3604 quum
757 3516 891 3580 'dubium
921 3535 986 3578 non
1019 3516 1062 3577 sit
1084 3514 1161 3596 quin
1182 3511 1277 3574 Vale-

164 3620 234 3683 rius
255 3619 310 3683 ille
322 3620 511 3704 Berytensis
528 3621 733 3705 intelligatur,
758 3620 799 3682 ad
814 3617 961 3681 Suetonii
977 3626 1115 3680 aetatem
1131 3613 1278 3695 proxime
1362 3633 1364 3637 ¹

166 3721 311 3805 accedat,
345 3743 387 3786 ex
422 3733 514 3804 parte
546 3731 670 3785 tautum
704 3720 828 3783 admitti
849 3729 976 3802 potest,
1013 3736 1111 3800 quum
1134 3715 1167 3776 id
1190 3714 1279 3797 quod

166 3826 271 3907 primo
304 3825 379 3889 loco
410 3826 552 3906 positum
585 3834 635 3887 est
656 3823 754 3887 'haud
787 3821 882 3904 plane
914 3840 1027 3885 rerum
1058 3820 1111 3900 sit,
1140 3826 1175 3880 ut
1197 3815 1279 3879 infra

165 3928 357 3990 ostendetur
388 3934 417 4001 s.
439 3928 501 3990 74:
536 3927 669 4010 quaesi
693 3925 879 4006 contuleris,
902 3925 947 3985 ita
976 3921 1086 4004 potius
1117 3917 1278 3996 censebis,

164 4047 231 4111 pro
260 4027 360 4092 fundo
391 4029 521 4112 quidem
550 4028 722 4092 Anecdoto
746 4025 892 4091 Suetonii
914 4024 1032 4086 librum
1059 4022 1172 4100 fuisse,
1200 4039 1279 4083 nou·

164 4129 254 4192 nulla
275 4138 383 4194 tamen
405 4132 446 4195 ab
469 4141 602 4207 auctore
624 4131 748 4195 adiecta
771 4147 856 4210 esse,
880 4146 963 4210 quae
990 4123 1183 4209 posterioris
1207 4121 1278 4184 aevi

220 4283 247 4350 1)
265 4281 397 4336 Nouveau
416 4283 494 4336 truite
514 4283 547 4336 de
567 4283 760 4354 diplomatique
778 4278 809 4335 T.
831 4277 876 4331 lll.
895 4297 919 4351 p.
939 4280 998 4332 483.
