2902 4822
693 439 744 512 26

678 634 706 699 §-
729 628 759 690 5.

278 736 332 825 De
360 765 571 823 Philoxeno
598 768 864 826 Alexandrino
893 769 1150 841 grammatico.

249 933 349 1015 Unus,
373 943 527 1017 quantum
549 935 659 1011 sciam,
690 932 808 1000 Suidas
830 958 861 999 v.
885 934 1054 1016 Φιλόξενος,
1090 938 1186 1021 quem
1218 959 1276 1003 ex·

161 1038 273 1122 pilavit
300 1036 443 1100 Eudocia
475 1034 560 1100 Viol.
580 1058 612 1120 p.
634 1037 716 1118 424,
748 1038 833 1102 hunc
862 1040 1105 1124 grammaticum
1132 1048 1273 1105 testatus

163 1153 214 1205 est
235 1138 302 1223 περὶ
324 1139 452 1223 σημείων
482 1146 542 1203 τῶν
570 1135 659 1224 ἔνι-ᾖ
677 1134 781 1204 Ἰλιάδι
810 1142 993 1224 scripsisse.
1037 1139 1088 1204 Ex
1116 1161 1182 1226 quo
1206 1143 1275 1227 qui·

164 1245 236 1308 dem
269 1241 361 1306 titulo
384 1262 444 1324 per
471 1262 508 1305 se
530 1251 677 1324 spectato
707 1245 836 1307 tametsi
869 1243 1019 1307 concludi
1046 1244 1132 1308 haud
1154 1255 1275 1328 potest,

163 1366 204 1411 eo
226 1346 309 1409 libro
336 1355 502 1409 auctorem
533 1346 565 1405 in
592 1345 801 1410 Aristarchiis
824 1347 927 1430 signis
955 1345 1154 1427 explicandis
1187 1367 1277 1412 cum·

163 1449 302 1512 maxime
318 1459 483 1513 versatum
503 1467 589 1530 esse,
612 1448 644 1509 id
663 1448 749 1530 quod
768 1448 844 1511 olim
866 1470 964 1532 quum
984 1448 1024 1511 de
1042 1449 1104 1514 hoc
1117 1470 1276 1534 gramma·

163 1552 228 1616 tico
251 1571 381 1636 agerem
403 1551 445 1616 ad
461 1549 595 1614 Philem.
614 1549 691 1611 Lex.
716 1571 748 1631 p.
764 1550 839 1633 313,
863 1573 914 1615 me
936 1551 1109 1634 aliquando
1133 1552 1276 1616 dixeram

165 1654 468 1734 demonstraturum,
493 1663 600 1715 tamen
622 1669 662 1712 co
685 1652 757 1733 ipso
781 1654 922 1717 adhibito
948 1656 977 1717 si
1000 1674 1083 1737 quae
1105 1654 1146 1717 de
1168 1664 1275 1718 aetate

89 1765 93 1771 ’
164 1754 333 1818 Philoxeni
352 1757 428 1819 sciri
439 1756 524 1835 licet,
541 1773 602 1837 qua
615 1754 655 1816 de
670 1774 706 1816 re
729 1755 795 1817 dixi
811 1755 958 1821 Excursu
973 1757 1010 1839 ll,
1031 1755 1275 1838 contulerimus,

164 1857 332 1941 probabile
354 1858 404 1939 ht,
435 1859 505 1921 eius
526 1856 600 1919 libri
631 1858 837 1940 principalem
862 1870 950 1921 certe
972 1868 1095 1941 partem
1119 1859 1160 1922 ad
1181 1868 1276 1922 notas

164 1959 344 2023 Aristarchi
374 1971 554 2043 spectasse.
611 1958 673 2046 Qui
703 1960 743 2023 de
766 1963 867 2044 signis
890 1961 981 2024 lliadi
1008 1961 1181 2043 adscriptis
1208 1959 1276 2023 Au·
1314 2025 1316 2028 ,

164 2063 252 2146 gusti
272 2061 326 2125 vel
347 2064 486 2128 fortasse
509 2064 604 2126 etiam
626 2071 699 2125 ante
722 2063 808 2126 hunc
830 2064 1029 2146 temporibus
1051 2073 1182 2126 acturus
1205 2063 1275 2143 fuit,

165 2165 220 2227 vix
235 2165 327 2229 aliter
345 2186 460 2230 munus
484 2175 673 2247 susceptum
692 2165 852 2229 conficere
875 2168 980 2248 potuit
997 2185 1092 2250 quarn
1109 2175 1144 2228 ut
1156 2182 1276 2248 operae

165 2269 197 2330 in
219 2268 282 2331 hoc
304 2288 424 2350 genere
446 2267 486 2332 ab
504 2266 694 2331 Aristarcho
718 2288 820 2350 nuper
842 2270 1017 2351 praestitae
1038 2268 1196 2331 rationem
1217 2284 1277 2348 po·

165 2370 324 2434 tissimum
353 2371 496 2454 haberet,
530 2371 572 2434 ad
601 2370 684 2433 hano
713 2373 889 2454 praecipue
923 2382 1046 2454 partem
1075 2368 1275 2433 tractandam

166 2472 218 2536 vel
240 2474 310 2555 ipsa
333 2475 381 2536 rei
413 2476 571 2559 gravitate
594 2473 793 2554 compulsus,
839 2473 934 2554 Quod
957 2494 1054 2557 quum
1088 2492 1146 2555 per
1168 2491 1206 2534 se
1228 2490 1279 2534 sa-

166 2576 210 2639 tis
232 2575 403 2658 probabile
425 2577 583 2657 videatur,
617 2574 650 2635 id
679 2575 811 2657 insuper
836 2575 911 2639 loco
939 2575 1144 2647 Scholiorum
1172 2573 1280 2637 statim

159 2676 342 2759 afferendo,
367 2698 431 2761 quo
443 2675 634 2742 Aristarchii
657 2676 741 2757 sigui
763 2678 920 2741 rationem
937 2699 955 2742 a
973 2678 1155 2742 Philoxeno
1170 2672 1279 2739 habita

167 2789 227 2860 cst,
252 2780 525 2862 comprobabitur,
549 2780 578 2843 si
599 2787 673 2842 ante
695 2797 862 2862 monuere,
886 2782 982 2846 sicuti
993 2781 1132 2842 vidimus
1151 2787 1279 2841 ceteros

167 2882 222 2964 qui
244 2882 285 2945 de
307 2882 631 2966 signisAristarchiis
653 2881 870 2965 scripserunt,
893 2885 926 2946 in
949 2884 998 2947 his
1018 2881 1208 2964 simpliciter
1224 2899 1280 2942 ex·

166 2983 324 3067 plicandis
347 3005 480 3068 operam
502 3004 592 3048 snam
614 3001 679 3044 non
703 2985 948 3068 constrinxisse,
976 2984 1036 3048 sed
1064 3004 1105 3047 ex
1132 2983 1278 3064 ipsorum

166 3108 253 3171 penu
275 3089 303 3151 si
331 3109 394 3171 qua
416 3088 449 3150 in
471 3097 624 3170 promptu
646 3094 767 3167 essent,
797 3106 834 3149 ea
858 3088 899 3151 ad
921 3107 989 3150 rem
1019 3087 1123 3170 ipsam
1142 3084 1183 3148 ab
1207 3083 1280 3147 Ari-

167 3190 296 3253 starcho
319 3199 462 3253 notatam
481 3188 702 3252 illustrandam
725 3189 913 3272 contulisse,
937 3188 1081 3251 hociure
1098 3187 1194 3249 etiam
1205 3182 1280 3247 Phi·

166 3291 319 3355 loxenum
341 3312 437 3356 usum
466 3291 577 3354 videri.
629 3289 760 3353 Certum
789 3293 860 3355 eius
889 3290 1022 3354 rationis
1053 3310 1071 3352 a
1100 3287 1279 3351 Philoxeno

168 3395 329 3459 adhibitae
351 3394 462 3458 haberi
485 3394 591 3477 possit
616 3394 834 3457 testimouium
860 3394 893 3455 in
915 3393 966 3456 his
994 3391 1096 3455 schol.
1124 3389 1207 3454 Ven.
1239 3386 1281 3451 ad

167 3520 195 3579 o,
217 3499 292 3578 471,
326 3498 382 3561 uhi
416 3495 515 3580 vulgo
546 3491 690 3577 ἐνέπλησε
722 3496 905 3578 legebatur:
946 3491 1090 3576 ἐνέπρησε
1120 3487 1280 3562 Φιλόξενος
1319 3544 1327 3559 ,

167 3597 217 3665 καὶ
236 3595 450 3684 Ἀρίσταρχος·
480 3594 548 3680 περὶ
577 3593 611 3659 δὲ
633 3605 687 3680 τῆς
720 3606 838 3682 γραφῆς
855 3591 1057 3680 Ἀριστάρχου
1087 3592 1117 3659 ἐν
1140 3591 1281 3675 ποιήματί

168 3726 255 3786 φησιν
289 3701 398 3775 οὕτως·
440 3692 473 3764 τό
507 3694 582 3782 αἷμα
616 3694 676 3760 ἀπὸ
709 3707 761 3762 τοῦ
794 3699 906 3783 ἥπατος
936 3696 1086 3781 ἐκροόνιζε
1115 3692 1208 3777 χύδην
1230 3688 1281 3756 καὶ

167 3807 216 3872 τὸν
243 3813 294 3869 τοῦ
324 3813 448 3887 χιτῶνος
479 3800 590 3865 κόλπον
613 3797 785 3883 ἐνεφύσησε.
831 3800 897 3864 Sed
928 3801 1033 3863 fateor
1062 3798 1102 3861 de
1130 3796 1280 3861 lectionis

168 3909 304 3971 veritate
337 3928 388 3970 me
422 3903 649 3983 subdubitare,
689 3924 788 3985 quum
829 3902 923 3965 valde
962 3922 1037 3966 sese
1073 3895 1278 3964 commendet

167 4010 294 4073 Lehrsii
316 4030 346 4092 p.
369 4009 411 4071 24
433 4007 633 4087 coniectura,
663 4024 728 4067 non
751 4004 857 4069 solum
884 4002 1065 4088 ὑπομνήματι
1092 4020 1153 4084 pro
1187 3995 1280 4080 τοιή-

169 4134 235 4195 ματι
257 4111 459 4197 eorrigentis,
494 4108 527 4171 id
550 4106 637 4190 quod
665 4107 869 4170 verissimum
900 4117 961 4189 est,
996 4115 1139 4169 ceterum
1169 4103 1231 4164 iam
1260 4117 1281 4162 a

169 4213 320 4298 Bekkero
340 4212 448 4276 lndice
470 4231 501 4292 p.
518 4209 583 4272 819
606 4220 809 4294 occupatum,
834 4209 903 4292 sed,
927 4206 1015 4292 quod
1036 4206 1101 4271 loci
1123 4205 1280 4269 rationem
