2902 4822
693 411 746 491 72

163 608 321 698 τίτρονται·
351 605 376 675 el
398 605 438 694 μὴ
461 604 522 692 ἄρα
542 602 587 672 ὅτι
606 600 757 690 ηὔτίλιζον
778 600 817 672 τὰ
837 601 999 690 τοξείματα
1019 601 1048 672 οἱ
1068 600 1208 672 calami·
1230 600 1277 672 bt

164 715 201 785 οὔ
223 709 347 799 λαμπρά
375 734 409 796 ηε
443 717 533 776 ταῦτα
567 705 696 794 ἐχόντων
730 707 802 776 οὐδὲ
824 706 964 794 ἐμνήσθη.
1009 708 1082 791 Quo
1103 706 1180 773 loco
1200 718 1277 775 notu

164 820 242 886 illud
265 815 348 902 ταρὰ
377 814 428 899 τὴν
448 812 587 897 ἱστορίαν,
623 813 710 899 quod
742 814 854 878 eadem
888 824 1050 896 potestate
1078 813 1216 877 recurrit
1244 813 1278 879 iu
1339 888 1341 891 ¹

162 923 278 988 iisdem
309 918 458 985 Scholiis'
481 916 638 982 Androm.
673 918 745 982 108.
768 917 832 980 224
861 926 894 980 et
920 914 1016 982 Rbes.
1039 916 1105 981 504
1123 916 1278 1002 quodque

164 1028 284 1113 pariter
306 1024 389 1110 signi
412 1022 488 1085 olim
509 1022 543 1084 in
565 1020 709 1105 margine
736 1021 887 1103 appositi,
910 1039 995 1086 nunc
1024 1018 1196 1085 oblitterati
1223 1025 1276 1091 vol

166 1129 324 1214 deperditi
347 1126 443 1190 index
466 1144 541 1189 esse
562 1123 700 1188 videtur.
743 1121 915 1188 Praeterea
938 1121 1084 1187 eiusdem
1105 1124 1277 1207 potestatis

165 1254 197 1298 v.
220 1230 418 1316 σεσημείωται
439 1227 587 1310 exempla
610 1227 817 1310 suppeditant
831 1226 960 1293 Scholia
978 1225 1091 1292 Cobeti
1112 1224 1276 1294 neceto

166 1335 261 1401 1255.
304 1333 428 1398 Alcest.
450 1330 531 1395 785:
553 1330 628 1394 item
652 1326 830 1414 σημειωτέον
853 1330 932 1396 Hec.
955 1330 1029 1395 285.
1342 1408 1346 1415 Ι

252 1435 305 1504 Ad
340 1436 477 1500 alterum
508 1453 613 1519 genus
646 1444 794 1516 spectant
825 1435 857 1499 bi
891 1434 965 1499 loci.
1019 1431 1129 1498 Schol.
1163 1431 1277 1501 Cobet.

164 1540 328 1624 Euripidis
358 1537 456 1602 libes,
483 1537 543 1601 tt:
573 1557 595 1620 χ
617 1538 752 1620 τοραίδει
782 1535 906 1622 στρατὸς
924 1533 1106 1622 ’Ap-[dhane]
1133 1534 1169 1604 τὸ
1190 1535 1213 1628 ’χ’
1235 1533 1280 1605 ὅτι

166 1642 317 1718 συνθέτως
345 1637 571 1724 ἀναγινώσκεται
591 1636 643 1703 καὶ
675 1635 719 1704 ὅτι
741 1636 797 1705 οὒκ
828 1641 904 1707 ἔστιν
932 1638 1093 1725 Εὐριπίδου
1127 1636 1283 1726 ὃστίχααῗ

166 1749 230 1832 Qui
252 1748 345 1812 locus
366 1746 480 1809 unicus
505 1745 646 1828 quidem,
669 1744 729 1808 sed
751 1745 784 1806 in
805 1766 872 1809 rem
888 1747 1112 1829 gravissimum
1135 1745 1224 1828 quotl
1245 1746 1278 1811 iu

166 1849 389 1935 superioribus
411 1849 565 1931 suspicati
584 1867 707 1929 sumus,
730 1850 936 1915 verissimum
958 1868 1034 1913 esse
1046 1848 1198 1931 ostendit,
1221 1864 1278 1913 no·

164 1966 232 2020 tam
253 1955 282 2020 X
303 1953 359 2017 ubi
382 1952 502 2016 criticis
531 1951 648 2032 visum,
682 1952 714 2014 in
737 1971 854 2017 versus
876 1969 936 2017 ora
963 1951 1136 2035 praefixam
1158 1951 1278 2019 suisset

167 2057 219 2122 cui
242 2066 338 2121 notae
360 2054 570 2138 explicandae
592 2065 658 2118 tum
682 2054 734 2118 vel
756 2055 797 2118 ab
822 2055 904 2139 ipso,
927 2058 982 2139 qui
1011 2055 1203 2138 adscripsit,
1225 2053 1279 2121 vel

165 2181 185 2224 a
209 2160 321 2224 critico
344 2158 565 2241 subsequente
595 2159 627 2220 in
662 2161 900 2224 commentariis
940 2159 1088 2224 scholion
1117 2159 1278 2228 adiectum

165 2263 271 2328 suerit
314 2261 391 2326 Noli
419 2273 527 2325 autem
558 2262 676 2344 mirari,
709 2274 837 2345 praeter
866 2261 982 2333 locum,
1005 2282 1104 2348 supra
1135 2264 1279 2346 positum

166 2366 264 2431 alium
298 2386 363 2429 uon
396 2367 549 2449 reperiri,
596 2385 661 2451 quo
695 2366 736 2431 ad
766 2367 913 2450 spurium
940 2385 1069 2430 versum
1102 2365 1278 2431 notandum

166 2469 246 2535 illud
281 2471 409 2555 signum
452 2470 584 2534 indubie
617 2470 793 2533 adhibitum
827 2471 892 2534 sit:
925 2470 1021 2535 etiam
1054 2469 1087 2533 in
1119 2471 1160 2535 iis
1194 2470 1280 2556 signi

167 2572 337 2656 exemplis,
361 2593 444 2656 quae
467 2594 564 2657 supra
589 2574 811 2655 excitavimus,
834 2591 953 2637 vereor
975 2593 1017 2638 ue
1039 2593 1102 2659 qua
1124 2574 1202 2652 sint,
1224 2573 1280 2639 ubi

169 2678 297 2762 signum
320 2676 363 2740 ad
385 2677 557 2740 notandam
579 2677 737 2740 atbetesin
756 2677 930 2742 adhibitum
954 2678 1058 2743 luerit.
1101 2675 1228 2743 Etenim
1250 2676 1280 2743 si

169 2801 211 2846 ex
235 2780 308 2844 luco
330 2801 429 2863 supra
463 2781 585 2864 scripto
621 2790 772 2864 apparet,
805 2780 908 2844 littera
930 2790 964 2854 ><
986 2782 1083 2845 etiam
1105 2800 1164 2846 eos
1186 2781 1279 2849 locos

169 2887 317 2971 signatos
350 2886 475 2965 luisse,
510 2885 564 2967 qui
596 2885 628 2947 io
661 2885 779 2967 spuriis
812 2885 972 2949 referendi
1009 2884 1207 2968 viderentur,
1239 2885 1280 2951 ile

168 2988 262 3071 locis,
298 2989 353 3053 ubi
376 3008 462 3051 nunc
483 2999 579 3050 uotae
607 2987 693 3052 illius
715 2988 835 3052 mentio
865 2988 1083 3072 desideratur,
1111 2986 1281 3072 probabile

169 3103 221 3159 est
253 3113 334 3156 casu
362 3092 472 3176 potius
501 3091 621 3154 factum
654 3112 729 3155 esse
762 3101 797 3155 ut
837 3094 891 3177 qui
922 3094 1051 3178 antiqua
1084 3091 1280 3174 exemplaria

171 3199 464 3279 commentariaque
488 3197 696 3278 excerpserit,
720 3195 760 3259 de
782 3206 857 3261 nota
880 3196 1006 3261 adiecta
1028 3195 1106 3261 nibil
1127 3195 1279 3278 traderet,

169 3298 283 3364 inutile
301 3299 332 3362 id
352 3309 453 3381 ratus,
470 3319 567 3383 quum
584 3298 624 3361 de
638 3299 822 3364 conditione
839 3300 901 3365 loci
917 3320 1001 3384 quae
1020 3300 1156 3364 notanda
1170 3309 1282 3364 essent

170 3402 232 3465 alia
256 3402 330 3467 lieet
352 3404 476 3471 ratione
499 3403 676 3467 adnotaret.
722 3401 822 3468 Cuius
845 3407 975 3490 generis
1007 3404 1110 3469 luisse
1133 3403 1282 3467 videmur

171 3504 274 3590 Sopb.
295 3505 387 3571 Aiae.
416 3507 501 3588 832,
536 3506 589 3571 ubi
623 3505 708 3590 quod
741 3508 772 3570 in
806 3508 946 3594 vulgatis
973 3528 1034 3592 pro
1064 3529 1152 3592 φησιν
1174 3505 1282 3590 requi.-

107 3664 110 3670 .
170 3610 304 3675 rebatur
326 3633 430 3693 φασιν,
468 3611 499 3674 id
524 3610 608 3682 Flor.
632 3610 757 3673 obtulit.
801 3610 909 3697 Antig.
932 3611 986 3676 46.
1008 3611 1090 3677 Oed.
1112 3610 1181 3676 Col.
1206 3609 1280 3675 937.

172 3712 282 3799 Atque
306 3735 418 3778 revera
451 3715 620 3779 benevim
649 3714 882 3778 condemnandi
912 3724 1007 3779 notae
1034 3724 1067 3788 ><
1090 3714 1281 3796 inhaesisse,

170 3816 246 3881 inde
267 3818 441 3904 colligitur,
467 3818 554 3903 quod
576 3837 613 3881 ea
636 3817 852 3883 Athenienses
875 3838 938 3883 non
961 3818 1067 3884 solum
1095 3819 1130 3882 in
1152 3817 1283 3901 scriptis

173 3919 213 3983 ad
237 3921 313 3984 vitia
336 3922 544 4010 designanda.
575 3921 753 3985 sedetiam
775 3922 806 3984 in
830 3923 967 3987 nummis
990 3922 1110 4006 spuriis
1131 3919 1282 3986 notandis

172 4025 223 4087 usi
246 4036 332 4108 sunt,
354 4027 382 4089 si
406 4025 534 4112 quidem
555 4023 638 4090 fides
663 4045 764 4108 penes
787 4024 989 4092 Eustatbium
1013 4036 1074 4106 est,
1097 4023 1140 4089 ad
1162 4021 1282 4109 Odyss.

172 4151 201 4211 γ,
225 4128 298 4196 tto.
319 4152 352 4214 p.
365 4132 460 4213 1462,
483 4139 516 4192 et
537 4140 633 4193 uotae
655 4130 751 4195 huius
770 4141 802 4195 et
814 4152 847 4197 v.
858 4130 1000 4214 κίβδηλος
1018 4130 1146 4195 nomina
1159 4147 1201 4191 ex
1218 4143 1283 4192 unc

171 4231 261 4302 fonte
297 4232 486 4320 ducentem:
517 4227 562 4308 ὅτι
591 4228 627 4299 tt
659 4228 774 4319 καὶτὸ
802 4233 945 4320 κίβδηλον
966 4228 1029 4299 ἀπὸ
1050 4230 1128 4315 Χίας
1152 4226 1284 4317 ἱστορίας
