2902 4822
646 435 727 527 223

131 649 226 695 nemo
260 631 438 711 existimet,
474 632 582 694 statim
618 629 842 717 subiungenda
875 629 957 699 haec
990 642 1065 699 sunt
1099 655 1129 717 p.
1160 634 1242 700 tou:

131 733 214 802 αὗται
235 735 328 800 τοίνυν
351 733 382 798 αἱ
404 733 498 798 εἴκοσι
519 732 570 798 καὶ
592 733 668 800 ἑπτὰ
692 737 797 818 βίβλοι,
830 731 977 803 εἰκοσιδύο
1000 737 1034 802 δὲ
1058 736 1243 822 ἀριθμούμε-

130 863 176 905 ναι
197 837 270 924 μετὰ
302 836 428 904 καὶτοῦ
449 841 621 924 Ψαλτηρίοο
649 840 699 906 καὶ
727 849 787 905 τῶν
815 838 906 906 ὄντων
935 840 965 907 ἐν
991 846 1036 930 τῷ
1053 838 1242 928 Ἰερεμίᾳ...

129 946 179 1010 τὸν
200 944 308 1031 τρόπον
333 943 365 1010 ὃν
389 945 506 1031 εἴπομεν
529 946 755 1031 ἡρμηνεὺδηοαν
777 941 853 1009 κατὰ
875 946 1012 1029 περίοδον
1035 945 1146 1032 ἑκάστῃ
1170 949 1247 1034 ζογῇ
1287 1014 1288 1017 ,

131 1053 314 1136 ἑρμηνεοτῶν
338 1047 544 1132 ἐπιδιδόρεναι,
567 1045 617 1113 καὶ
639 1045 700 1112 ἀπὸ
722 1054 775 1130 τῆς
796 1043 918 1130 πρώτης
941 1051 1031 1133 ζογῆς
1050 1057 1088 1135 τῇ
1107 1046 1242 1133 δευτέρᾳ,

130 1150 180 1216 καὶ
208 1149 295 1216 πάλιν
330 1149 390 1215 ἀπὸ
423 1159 476 1235 τῆς
511 1146 651 1233 δευτέρας
681 1150 842 1235 ciceia-p,
875 1147 926 1215 καὶ
958 1150 1055 1226 οὕτως
1087 1154 1243 1237 παρῆλθον
1331 1164 1340 1173 ’

130 1255 304 1319 κελεύουσαι
343 1251 454 1340 ἑκάστῃ
494 1254 746 1338 τριακονταεεακὶς
781 1253 1023 1338 ἑρμηνεοδεῖοαι,
1064 1256 1108 1332 ὡς
1141 1255 1257 1343 ᾄδεταο

129 1356 228 1439 λόγος.
274 1357 374 1421 Cuius
395 1359 531 1420 'rationis
564 1356 650 1420 haud
672 1356 757 1439 aliud
781 1359 951 1448 eonsilium
980 1361 1082 1424 fuisse
1104 1361 1242 1446 videtur,

131 1484 225 1547 quarn
248 1475 284 1528 ut
319 1483 384 1527 uno
408 1459 588 1546 eodemque
619 1463 917 1544 temporeinitium
949 1467 1048 1529 totius
1081 1461 1242 1531 laborisa

131 1588 260 1653 quoque
283 1570 352 1649 pari
376 1569 477 1631 tieret.
511 1567 563 1629 De
578 1567 702 1629 *horum
725 1567 848 1647 parium
873 1568 1057 1633 conditione
1079 1590 1182 1654 aeque
1205 1590 1243 1635 ac

132 1671 271 1733 devera
295 1671 441 1734 lemnisci
462 1669 572 1733 indole
595 1670 626 1732 in
649 1667 896 1753 hypolemnisco
919 1670 1054 1736 dicetur.

215 1772 469 1836 Pauio'diversa
503 1774 627 1836 ratione
651 1771 766 1835 eodem
790 1774 884 1858 signo
907 1776 958 1838 usi
981 1778 1109 1840 suntin
1132 1776 1250 1841 distin·

130 1878 259 1963 guendo
281 1876 440 1940 Psalterio
463 1879 536 1959 ipso
565 1876 727 1957 Isidorus,
755 1875 951 1961 Fragmento
981 1879 1002 1943 1.
1025 1891 1180 1960 testante,
1211 1892 1245 1945 et

129 1981 245 2045 Florus
268 1980 388 2063 pariter
420 1999 438 2041 a
462 1979 548 2042 Maio
573 1980 679 2043 editus
702 2001 733 2062 p.
757 1981 831 2062 252,
855 1983 1117 2066 quandoquidem
1140 1986 1185 2067 hi,
1207 1996 1252 2049 ut·

128 2085 289 2167 vidimuS,
324 2086 446 2148 omisso
477 2104 613 2167 prorsus
647 2083 753 2166 obelo,
788 2085 972 2168 signum-1·
1007 2096 1242 2169 apposuerunt,

130 2192 184 2253 ubi
213 2192 258 2253 in·
281 2189 373 2253 LXX
405 2189 615 2252 translatione
648 2187 849 2270 superfluum
885 2189 1006 2272 aliquid
1039 2200 1242 2272 repererunt,

130 2306 259 2376 praeter
280 2297 344 2360 hoc
366 2295 494 2378 signum
517 2294 613 2358 nuliis
636 2292 707 2356 aiiis
730 2293 781 2356 uri
804 2313 899 2376 quarn
923 2296 1080 2358 asterisco
1109 2306 1142 2358 et
1164 2297 1243 2358 anti·

131 2396 265 2480 grapho,
290 2397 331 2459 de
352 2415 418 2480 quo
442 2415 517 2458 rnox
541 2395 721 2459 dicendum.
765 2393 877 2479 ltaque
899 2397 1008 2460 varius
1032 2398 1126 2461 huius
1147 2407 1253 2463 notae

132 2518 211 2565 usus
241 2501 343 2566 fuisse
377 2502 515 2584 videtur,
548 2511 583 2564 ut
614 2500 676 2563 iam
707 2519 805 2580 supra
839 2500 1026 2565 adnotatum
1055 2512 1115 2584 est,
1147 2513 1254 2586 atque-

133 2606 202 2668 eius
225 2605 355 2689 quidem
385 2606 492 2688 modi,
522 2614 558 2668 ut
588 2624 661 2669 cum
685 2603 781 2670 obelo
804 2605 936 2686 proprie
959 2604 1044 2669 dieto
1069 2617 1250 2673 commuta-1

131 2719 230 2792 retur,
252 2710 285 2772 id
309 2709 396 2794 quod
418 2729 536 2792 passu·
559 2709 687 2772 videtur
709 2707 851 2771 Isidorus
875 2707 963 2792 Orig.
986 2706 1009 2789 i,
1034 2711 1086 2792 20,
1113 2709 1146 2791 5,
1170 2710 1254 2774 loco:

132 2830 231 2894 supra
274 2814 447 2895 exscripto.
508 2810 590 2875 Tum
630 2810 714 2874 idem
759 2809 786 2891 ᾖ.
824 2812 877 2874 4.:
925 2810 1067 2876 „cheles
1104 2832 1245 2895 superne

133 2925 315 2997 appunotus
349 2917 521 2999 apponitur
551 2914 584 2977 in
614 2913 683 2995 his,
718 2912 899 2995 dequibus
930 2913 1105 2994 dubitatur,
1137 2925 1245 2978 utrum

134 3017 271 3081 debeant
293 3017 372 3101 tolli,
397 3037 550 3082 necrre.1¹
600 3016 722 3081 Aneod.
745 3017 849 3081 Paris.
877 3039 909 3100 p.
932 3020 996 3082 87:
1024 3035 1085 3080 »ζ
1121 3018 1253 3084 ΟδοΙοο1

134 3141 208 3183 oum
230 3132 353 3203 puncto
376 3123 417 3185 ad
436 3143 473 3186 eu
493 3122 534 3185 de
554 3120 671 3205 quibus
689 3119 828 3184 dubitari
844 3120 914 3184 tolli
931 3120 1071 3184 debeant
1090 3141 1151 3185 nec
1170 3142 1241 3204 ne,t

134 3222 190 3286 ubi
212 3242 289 3287 mox
307 3225 431 3306 patebit
452 3224 626 3309 significari
649 3242 719 3286 earn
741 3232 861 3304 notam,
895 3241 978 3305 quae
1000 3221 1041 3284 ab
1063 3221 1253 3306 Epiphanio:

134 3330 368 3414 hypotemnisei
397 3332 526 3394 nomine
555 3329 698 3394 effertur.
740 3326 895 3390 ‘Similiter
917 3327 958 3390 de
970 3328 1166 3410 ¹promiscuo
1188 3330 1246 3393 ho·

133 3453 204 3495 rum
236 3434 403 3518 signorum
436 3453 499 3497 usu
528 3441 685 3496 statuerat
712 3430 981 3494 Monteiaioonius
1008 3451 1040 3513 p.
1063 3431 1117 3513 85,
1151 3431 1246 3501 simul

135 3533 269 3618 addens,
292 3537 489 3600 rarissimam
508 3533 653 3596 lemnisci
675 3533 866 3616 utiquefieri
878 3534 1080 3595 mentionem.
1114 3534 1252 3597 Auden·-

135 3636 210 3700 dum
233 3638 357 3723 figurae
379 3637 463 3702 illius
478 3638 560 3701 ioco
584 3637 678 3699 etiam
700 3636 784 3699 hanc
804 3634 889 3697 linea
911 3645 1042 3697 curvata
1060 3628 1135 3719 {min
1150 3654 1253 3700 usunn
1307 3701 1310 3704 ,

135 3744 327 3826 recentiore,
351 3745 383 3806 ni
405 3742 510 3821 fallor,
533 3749 639 3804 aetate
660 3740 809 3803 venisse:
833 3757 917 3821 quae
936 3737 1041 3822 figura
1058 3759 1121 3801 non
1139 3740 1245 3825 solum

135 3846 244 3910 multis
266 3848 299 3909 in
323 3847 501 3928 codicibus,
525 3845 580 3907 ubi
602 3843 742 3926 alioquin
764 3841 803 3920 -ssss
837 3841 978 3923 positum
1006 3853 1245 3930 exspectasses,

136 3959 265 4031 reperta
288 3959 349 4032 est,
373 3948 433 4023 sed
456 3958 553 4019 certox
568 3946 753 4020 testimonio
770 3942 925 4028 Hesychii
946 3944 980 4006 in
1000 3942 1121 4009 Psalm.
1131 3945 1253 4029 xltc,

137 4053 314 4134 adseritur,
348 4051 447 4136 paulo
473 4052 554 4116 inira
586 4048 786 4136 exhibendo,
817 4065 881 4130 quo
904 4045 987 4110 linea
1009 4047 1083 4114 talis
1105 4049 1253 4134 appella-2
1331 4131 1334 4136 Ι

136 4166 190 4222 tur
211 4156 328 4242 κεραία,
352 4159 444 4225 cuiue
466 4158 508 4230 de
529 4158 621 4231 vocis
643 4156 676 4218 vi
701 4175 733 4229 v.
756 4172 854 4236 supra
869 4149 904 4233 ἕ.
927 4153 979 4229 50.

223 4260 259 4341 4)
281 4258 556 4349 Hypokmime.
588 4257 799 4345 Epiphanius,
818 4265 996 4342 vpostquam
1023 4256 1253 4338 ‘de-lemniaco
