2902 4822
695 443 776 522 ‘165

178 639 289 720 ψνλοῦν,
311 632 362 699 καὶ
383 634 458 708 ἴσως
479 631 514 718 ἦν
536 629 618 716 παρὰ
638 631 673 697 τὸ
695 637 857 715 πτοεῖσθαι,
879 633 983 717 ἡάγαν
1001 636 1149 700 summ·
1171 635 1192 719 tl
1203 632 1287 718 ταρὰ

176 737 211 802 st
243 736 339 811 ἁπτὸς
368 737 403 801 τὸ
435 732 569 821 ἰσχυράν,
603 732 681 800 ὥστε
709 731 785 801 εἶναι
817 732 975 810 termut«.
1020 735 1157 818 Certior,
1190 738 1286 801 immo

176 842 378 905 certissimus
399 851 452 904 est
472 840 566 905 locus
586 840 707 921 aaut:
730 835 774 904 ὅτι
794 834 888 913 ὄντως
905 835 1048 923 γραπτέον
1070 840 1286 920 ,,βοολεύοοσι“

176 944 227 1008 καὶ
257 939 436 1024 μθάλοοσά*
466 941 500 1007 τὸ
520 940 578 1026 γὰρ
611 939 804 1025 ‚muman
833 944 875 1023 τῷ
896 942 965 1026 περί
984 939 1070 1007 τινών
1097 940 1160 1007 ἐστι
1191 940 1285 1030 λόγω,

176 1044 238 1111 ἀντὶ
258 1053 311 1111 τοῦ
332 1043 441 1127 αὐτοῖς,
465 1042 493 1132 qt
514 1043 669 1112 ἀκόλουθα
690 1047 734 1109 δεῖ
756 1040 831 1110 εἶναι
851 1042 888 1110 τὰ
909 1041 1042 1130 ῥήματα·
1064 1049 1154 1110 ταῦτα
1167 1042 1184 1109 ὁ
1197 1039 1286 1129 ’Apta

176 1147 309 1224 στόνικος
340 1147 408 1234 περὶ
437 1157 491 1235 τῆς
520 1157 637 1235 γραφῆς
670 1147 753 1232 φησί,
778 1149 881 1233 διπλῆν
903 1145 1023 1230 βάλλων
1045 1156 1089 1229 τῷ
1111 1148 1223 1234 στίχῳ·
1256 1144 1286 1212 ἐν

175 1249 272 1338 μέντοι
293 1259 331 1338 τῇ
351 1250 523 1337 τετραλογία
545 1252 733 1336 Νεμεσίωνος
762 1249 858 1325 οὕτως
887 1247 972 1336 εὗρον
1001 1248 1069 1336 περὶ
1093 1260 1152 1316 τῶν
1176 1250 1285 1335 στίχων

174 1356 300 1421 τούτων·
335 1364 393 1420 τῶν
415 1354 637 1440 παρακειμένων
672 1349 786 1435 ὀβελῶν
808 1351 864 1418 οὒκ
894 1355 971 1418 ἔστιν
994 1351 1099 1421 αἰτίαν
1115 1354 1208 1437 εὑρεῖν
1236 1351 1286 1417 διὰ

174 1468 233 1523 τῶν
261 1454 479 1542 Ἀρισαρχείων
507 1453 738 1541 ὑπομνημάτων·
768 1452 937 1541 Ἀμμώνιος
957 1454 992 1522 δά
1014 1455 1032 1523 ὁ
1057 1453 1285 1542 Ἀριστάρχειοτ
1353 1497 1357 1503 -

174 1570 292 1646 πρῶτον
319 1559 370 1644 μὲν
394 1567 524 1642 στιγμαῖς
558 1558 632 1643 φησὶ
661 1559 711 1624 τὸν
749 1553 947 1645 Ἀρίσταρχον
978 1558 1286 1646 παρασημαάνσασθαι

174 1660 299 1745 adroic,
321 1659 386 1728 εἶτα
420 1662 453 1726 δὲ
475 1660 525 1726 καὶ
556 1660 665 1728 τέλειον
697 1660 814 1742 ἐξελεῖν,
836 1660 917 1747 τάχα
939 1662 988 1732 διὰ
1018 1664 1053 1729 τὸ
1076 1663 1125 1729 ἐπὶ
1147 1660 1284 1747 θωτέροο

173 1763 338 1851 προσώπου
359 1763 394 1830 τθ
418 1766 557 1849 ,,σρίσιν“
579 1762 721 1849 τετάχθαι
742 1763 792 1830 καὶ
822 1765 936 1833 ἄνωθεν
959 1766 1175 1853 μετενηνέχθαι
1221 1765 1284 1848 Qui

110 1936 119 1948 ,
173 1869 267 1934 locus
289 1871 385 1934 etiam
418 1890 458 1934 eo
489 1870 584 1935 valde
606 1870 823 1935 memorabilis
854 1882 904 1935 est
934 1873 1023 1956 quod
1052 1871 1138 1935 obeli
1160 1871 1283 1935 notatio

87 2019 93 2028 .
173 1972 315 2055 affertur,
347 1991 430 2056 quae
459 1992 558 2057 quum
582 1973 703 2037 diserte
735 1975 926 2040 Aristarcho
950 1996 1015 2040 non
1044 1974 1156 2040 deberi
1178 1973 1284 2038 trada-

173 2086 235 2158 tur,
267 2075 458 2158 posterioris
488 2076 686 2141 accessionis
715 2077 854 2141 indicem
883 2078 1075 2162 suppeditat.
1118 2079 1228 2162 Atque
1250 2078 1284 2140 in

172 2177 323 2262 exemplo
353 2176 462 2240 iliadis
494 2173 621 2241 Veneto
644 2180 753 2243 versui
782 2190 912 2264 praeter
942 2180 1061 2264 diplom
1089 2179 1203 2244 obelus
1226 2199 1282 2262 ap·

171 2281 278 2365 pictus
312 2290 372 2364 est,
407 2277 495 2363 quod
526 2281 725 2346 rarissimum
759 2293 810 2347 est
843 2293 875 2347 et
904 2283 945 2348 ab
973 2283 1164 2348 Aristarcho
1186 2281 1282 2366 plane

173 2383 321 2449 alienum.

259 2486 349 2553 llaec
371 2488 399 2552 si
421 2487 484 2568 ita,
517 2498 553 2551 ut
575 2486 652 2570 dixi,
673 2487 807 2571 hahent,
839 2508 904 2554 non
925 2499 1035 2573 potest
1056 2490 1194 2575 amplius
1215 2510 1278 2554 am·

171 2590 250 2676 higi,
282 2592 337 2676 qui
359 2590 505 2655 dicantur
537 2609 604 2654 uno
636 2589 945 2677 glossographorum
975 2595 1105 2658 nomine
1135 2613 1281 2679 compre·

171 2693 263 2758 hensi
286 2703 319 2757 et
348 2694 381 2757 in
402 2691 542 2757 Scholiis
564 2690 698 2759 Venetis
729 2705 763 2758 et
783 2697 816 2759 ia
840 2696 1010 2762 Aneedoto
1036 2697 1197 2762 Romano:
1233 2700 1280 2762 in·

170 2796 358 2882 telliguntur
389 2798 572 2880 quicunque
605 2793 783 2862 Homerum
815 2798 976 2884 aliquibus
1010 2801 1140 2885 scriptis
1173 2796 1279 2866 indice

170 2902 324 2967 Γλωσσῶν
346 2900 399 2965 vel
421 2899 517 2965 simili
537 2899 677 2984 vulgatis
700 2905 906 2967 commentati
926 2913 1043 2967 sunta
1070 2906 1182 2987 primia
1202 2906 1279 2969 inde

169 3004 410 3070 Alexandrinae
439 3004 629 3070 eruditionis
657 3005 755 3069 initiis
779 3007 899 3090 quique
921 3005 974 3070 vel
1005 3026 1070 3072 non
1091 3018 1211 3073 tantam
1234 3008 1279 3073 la·

169 3107 260 3174 horis
292 3108 419 3173 laudem
449 3111 641 3191 consequuti
674 3119 767 3190 sunt,
797 3120 967 3174 uteorum
990 3111 1127 3195 quisque
1149 3114 1278 3177 nomine

168 3229 231 3276 suo
252 3204 378 3276 laudari
401 3223 589 3293 mereretur,
612 3210 667 3276 vel
688 3231 787 3296 quum
802 3214 946 3297 priorum
965 3214 1176 3299 interpretum
1190 3216 1278 3302 glos·

168 3333 225 3380 sas
247 3313 309 3379 sibi
331 3314 483 3398 probatas
506 3314 769 3397 transcriberent,
801 3334 866 3379 uno
896 3319 1023 3382 nomine
1053 3319 1278 3403 comprehensi

167 3428 254 3484 sunt.
298 3416 380 3482 'l'um
414 3439 512 3503 quum
535 3436 648 3483 eorum
678 3429 858 3483 commenta
880 3421 1007 3485 nonnisi
1035 3421 1068 3485 in
1096 3422 1178 3487 locis
1201 3438 1296 3487 con··

166 3522 326 3586 troversia
349 3541 409 3586 nec
431 3542 582 3606 umquam
605 3523 675 3587 sine
698 3523 889 3588 refutatione
910 3525 1017 3588 afferri
1039 3524 1183 3606 soleant,
1212 3543 1277 3589 non

166 3625 275 3688 mirari
290 3624 449 3691 debemus
469 3626 626 3709 puerilem
642 3645 721 3690 sane
737 3645 833 3708 quam
851 3646 929 3708 prae
948 3647 985 3690 se
1000 3628 1106 3692 ferunt
1124 3626 1276 3693 eruditio·

165 3747 241 3792 nem
263 3747 282 3791 a
304 3727 441 3792 Lehrsio
464 3729 663 3813 castigatam,
688 3746 786 3812 quum
809 3731 1000 3812 praesertim
1013 3730 1044 3793 si
1056 3748 1139 3794 nnus
1153 3729 1276 3795 alterve

166 3831 238 3896 sani
260 3830 423 3915 quidpiam
446 3829 624 3914 attulisset,
656 3831 688 3894 id
712 3830 801 3895 credi
822 3842 931 3916 potest
959 3833 1062 3915 ipsius
1091 3834 1221 3898 nomine
1243 3844 1275 3898 et

164 3934 358 3998 auctoritate
377 3933 539 3999 laudatum
555 3933 669 4018 fuisse,
692 3933 726 3998 id
748 3935 836 4018 quod
853 3935 907 4000 uhi
925 3935 1162 4026 Aristophanis
1174 3936 1276 4022 exph·

164 4038 250 4100 catio
273 4035 434 4102 afferenda
466 4048 546 4121 erat,
579 4057 694 4102 revera
727 4038 848 4102 factum
878 4058 953 4105 esse
975 4039 1117 4122 ostendit
1145 4063 1176 4121 α,
1199 4042 1273 4124 567,
1324 4040 1331 4045 ’

163 4137 219 4203 tihi
237 4140 337 4206 huius
359 4140 532 4224 explicatio
554 4158 586 4205 νς
608 4136 741 4215 θάττους
769 4160 811 4205 ex
833 4141 938 4224 ipsius
960 4143 1117 4217 Γλωσσαῖς
1139 4145 1255 4213 citatur
1261 4163 1272 4226 3

164 4242 206 4307 de
228 4261 292 4330 qua
320 4243 584 4329 interpretatione
612 4244 763 4333 exposuit
792 4242 947 4315 Lehrsius
969 4267 1000 4338 ρ.
1028 4247 1104 4333 317,
1122 4247 1168 4318 de
1190 4246 1273 4315 libro
