2902 4822
131 641 245 704 babet:
269 640 356 723 quod
379 659 479 722 quum
501 660 600 721 supra
622 641 684 703 iam
707 642 739 703 in
752 638 942 723 Thucydide
961 644 1139 706 ornamenti
1151 645 1244 728 quasi

131 745 205 807 loco
226 742 471 825 praescriptioni
491 741 562 805 libri
583 745 801 826 praepositum
821 756 853 806 et
876 745 1093 825 postpositum
1111 745 1244 810 adnota-

131 847 290 927 verimus,
320 845 404 908 idem
441 836 582 909 occurrit
612 848 644 908 in
668 846 812 910 clausula
844 847 1003 929 prooemii
1036 867 1122 913 novo
1145 851 1242 932 capiti

131 949 266 1032 praefixi
296 969 327 1031 p.
352 948 421 1010 123
455 947 507 1011 ed·
538 947 682 1031 lacobs.,
716 951 792 1013 item
826 950 888 1012 sub
919 949 1016 1012 linem
1040 951 1253 1019 scholiorum

130 1053 367 1136 epigrammatis
391 1051 559 1115 cuiusdam
581 1073 612 1135 p.
635 1053 699 1116 829
707 1073 718 1135 3
749 1063 815 1114 turn
839 1052 935 1114 etiam
959 1053 1078 1116 nomini
1100 1057 1241 1122 auctoris
1303 1051 1305 1056 ⁴

129 1155 342 1238 praemissum
365 1175 396 1237 p.
420 1155 494 1237 831,
518 1154 703 1239 ibidemque
725 1174 811 1218 novo
835 1156 978 1236 carmini,
1001 1155 1055 1221 ubi
1074 1158 1150 1220 novi
1165 1173 1252 1239 poe·.

128 1258 216 1320 matii
238 1258 359 1320 initium
382 1257 517 1320 indicari
540 1259 655 1322 editori
677 1268 766 1322 recte
790 1257 926 1321 videtur.
963 1256 1084 1321 Similis
1107 1261 1241 1325 rationis
1271 1309 1273 1311 >

129 1369 180 1423 est
201 1359 294 1422 locus
317 1380 348 1441 p.
374 1360 447 1442 111,
470 1360 526 1423 ubi
549 1362 696 1425 scholion
719 1362 760 1425 ad
782 1359 1005 1443 explicandam
1025 1359 1117 1423 Pauli
1137 1359 1262 1439 silon-²

128 1463 211 1525 tiarii
242 1481 358 1525 vocem
380 1458 530 1547 ἠριπόλης
560 1464 757 1548 adscriptum
786 1464 865 1527 fert:
899 1470 952 1546 τῆς
974 1459 1090 1547 ἡμέρας
1111 1463 1242 1548 >ζ<“[εὶο

128 1585 187 1648 pro
209 1567 248 1644 >’<
264 1563 305 1648 1)]
328 1572 381 1648 τῆς
403 1571 471 1649 περὶ
491 1565 541 1631 τὸν
565 1566 674 1652 ὄρθρον
697 1566 856 1651 unledane.
891 1565 1024 1630 Scilicet
1048 1565 1258 1632 binaesunt

128 1668 272 1732 eiusdem
290 1669 381 1731 vocis
398 1668 540 1752 glossae,
559 1690 643 1754 quae
662 1672 755 1756 signo
773 1672 837 1734 isto
855 1670 939 1733 inter
951 1688 988 1732 se
1005 1669 1256 1735 discernuntur..

211 1771 286 1835 Alia
308 1772 401 1857 signa
424 1773 476 1836 vel
498 1784 610 1857 notas,
634 1776 695 1838 nisi
726 1795 808 1859 quae
838 1772 1037 1856 compendiis
1059 1773 1267 1856 scripturae·

127 1875 345 1959 significandis
376 1876 562 1958 inserviant,
596 1877 649 1942 vel
682 1879 724 1942 ad
757 1899 811 1942 res
841 1898 929 1941 mere
952 1875 1245 1961 palaeographicae-

127 1988 284 2062 spectent,
307 1980 340 2042 in
363 1978 508 2044 Palatino
529 2001 595 2045 non
617 1982 836 2046 animadverti.
1224 1996 1227 2000 ’

625 2144 655 2210 S.
683 2136 735 2199 71.

180 2260 232 2315 De
256 2275 327 2316 usu
364 2259 721 2319 ecclesiasticorum
749 2261 1000 2335 scriptorum,
1022 2255 1183 2339 inprimis
1226 2323 1240 2344 ιη

582 2365 774 2439 origenis.

212 2481 242 2542 A
273 2481 417 2564 profanis
447 2483 660 2568 scriptoribus
690 2482 822 2547 notandi
852 2500 905 2545 ars
933 2478 975 2542 ad
996 2498 1109 2559 sacros
1131 2486 1236 2554 transf
1348 2554 1352 2561 Γ

124 2581 188 2646 luta
210 2594 273 2666 est,
307 2587 360 2669 qui
387 2607 428 2649 ea
451 2589 548 2652 variis
580 2596 613 2650 et
641 2606 702 2669 pro
732 2597 914 2668 temporum
942 2581 1236 2667 rationediversis

124 2686 228 2750 modis
263 2689 313 2752 usi
346 2699 429 2753 sunt.
472 2689 576 2754 Huius
612 2709 692 2754 usus
714 2690 739 2770 ¹)
771 2689 931 2752 enarratio
960 2687 988 2751 si
1011 2686 1052 2751 ab
1074 2684 1235 2749 hocloco

57 2784 59 2802 '
124 2789 226 2852 aliena
249 2809 323 2854 esse
345 2792 503 2875 videatur,
526 2805 632 2857 tamen
655 2793 807 2876 quoniam
828 2793 856 2854 is
880 2811 899 2854 a
925 2807 1125 2875 paganorum
1146 2788 1236 2850 iusti·

123 2893 200 2956 tutis
222 2895 387 2975 profectus
410 2907 507 2978 atque
529 2897 570 2960 ab
592 2897 632 2959 iis
654 2904 811 2977 veterum,
836 2894 891 2978 qui
913 2893 1068 2964 eadere
1086 2890 1252 2974 egeruntr¹

124 2997 308 3078 prorniscue
345 2998 480 3062 traditus
514 3010 579 3081 est,
619 2999 689 3061 siue
722 2997 770 3060 rei
802 2994 1009 3063 illustrandae
1043 2993 1239 3058 detrimento

123 3098 250 3162 silentio
283 3104 413 3165 tramitti
443 3121 507 3165 non
539 3111 661 3187 potest:
697 3102 730 3163 in
758 3119 823 3183 quo
846 3110 952 3162 tamen
981 3115 1113 3160 munere
1135 3095 1239 3161 admi:

122 3202 288 3266 nistrando
310 3206 457 3270 modeste
478 3206 584 3271 nobis
597 3205 758 3292 agendum
781 3224 856 3269 esse
878 3202 1031 3285 intellexi,
1066 3221 1108 3264 ne
1130 3197 1261 3266 alienasv

122 3306 228 3369 vineta
252 3309 389 3371 caedere
412 3309 452 3371 ab
475 3310 515 3373 iis
537 3330 700 3392 censerer,
724 3309 779 3393 qui
801 3329 855 3372 res
878 3326 989 3371 sacras
1011 3304 1073 3374 nisi
1092 3301 1133 3367 ab
1150 3303 1232 3385 ipsis
1254 3355 1267 3376 ,

122 3429 235 3473 sacrae
257 3413 437 3495 scripturae
459 3414 688 3495 interpretibus
710 3411 842 3476 tractari
860 3410 951 3474 nefas
966 3415 1089 3491 putant.
1107 3403 1251 3500 111111111Ἰ

122 3512 150 3573 si
173 3532 256 3595 quae
279 3515 320 3577 ad
342 3526 566 3600 argumentum
586 3514 812 3580 illustrandum
833 3514 1025 3597 pertineant,
1048 3507 1173 3591 primis,
1193 3515 1251 3580 ut

122 3613 247 3699 dicitur,
271 3616 369 3681 labris
392 3620 541 3704 attigero,
564 3620 734 3702 proposito
766 3616 965 3681 satisfecisse
987 3610 1064 3676 mibi
1086 3607 1232 3700 videbor.

121 3757 409 3772 *mn*—

175 3819 201 3887 1)
222 3817 342 3874 Eandem
357 3798 474 3893 liguram
493 3789 576 3894 supra
594 3821 749 3874 notavimus
768 3823 794 3885 S.
813 3820 848 3869 65
867 3824 894 3871 el
919 3821 946 3883 §-
964 3818 1006 3871 66·
1097 3809 1099 3814 ’
1119 3877 1138 3889 ,χ

176 3920 202 3987 1)
222 3922 380 3978 Summatim
404 3928 493 3994 tetigit
519 3923 691 3978 Villoisonus
717 3921 827 3990 Proleg.
850 3937 876 3991 p.
903 3917 977 3984 XXI,
1003 3918 1137 3986 singulari
1165 3935 1232 3973 vero

223 4009 313 4083 studio
329 4013 476 4083 explanare
491 4011 594 4066 studuit
603 4009 757 4086 Dausqnius
771 4010 801 4060 in
814 4004 1032 4085 Ortbographiae
1043 4003 1099 4058 list.
1116 4010 1232 4073 tractatu

224 4094 258 4159 V,
272 4112 325 4166 quo
336 4097 424 4150 Notae
438 4099 635 4151 sententiarum
649 4101 696 4148 aut
710 4093 860 4148 verborum
875 4110 909 4146 ex
917 4091 967 4147 SS.
977 4089 1099 4166 patribus
1113 4088 1230 4145 tractan-

223 4188 275 4245 tur,
302 4181 332 4236 T.
351 4182 372 4237 1.
397 4200 425 4252 p.
445 4186 502 4235 166.
523 4199 564 4253 sq.
583 4182 625 4236 ed.
650 4180 781 4234 Genevae
808 4181 892 4244 16773
916 4184 1023 4234 stante
1048 4177 1120 4235 hunc
1137 4175 1231 4233 sixtus

225 4265 361 4324 Senensis
381 4268 511 4324 Bibliotb
531 4273 627 4324 sancta
643 4284 670 4341 p.
688 4269 749 4320 tot.
768 4281 811 4338 sq.
925 4272 927 4277 '
