2902 4822
686 420 759 499 191

168 609 263 675 valde
295 611 474 676 mirandum
501 623 600 693 esset,
635 611 707 677 talis
731 614 855 678 eriseos
877 614 909 678 in
932 611 1095 699 Sophocle
1117 614 1279 680 sanctitatae

169 716 280 799 copias
302 726 472 798 tantopere
494 713 706 779 aSoholiasta
725 716 890 801 neglectas
911 739 997 802 esse,
1021 730 1055 783 ut
1074 738 1138 783 uno
1158 729 1280 782 tantum
1322 740 1326 749 ·

168 817 254 898 loco,
288 818 378 882 diac.
411 820 486 899 408,
520 817 549 882 is
572 822 800 903 grammaticus
827 824 860 886 in
885 822 1037 887 auxilium
1069 833 1204 886 vocatus
1227 823 1279 885 sit.

167 918 204 983 Si
226 940 305 984 vero
334 925 368 986 in
396 921 531 987 aliorum
560 922 769 1004 interpretum
800 929 969 991 sententiis
988 925 1169 990 afferendis
1198 925 1280 988 iudi·

168 1025 343 1110 caudisque
377 1024 439 1088 sibi
471 1023 608 1107 placuit,
640 1024 672 1088 id
703 1028 788 1112 quod
822 1049 895 1092 eum
926 1031 958 1092 in
990 1029 1131 1093 Homero
1160 1029 1279 1093 iecisse

168 1129 311 1193 ostendit
334 1132 403 1194 eius
426 1127 592 1191 adnotatio
625 1128 665 1192 ad
688 1128 777 1194 lliad.
800 1155 831 1215 μ,
856 1133 928 1215 157,
959 1133 980 1194 ii
1011 1133 1066 1216 qui
1098 1131 1139 1194 ad
1169 1130 1280 1195 locum

167 1232 285 1317 Oedipi
308 1232 378 1298 Col.
400 1232 636 1316 significantur,
661 1253 758 1316 quum
782 1237 882 1298 notati
904 1255 968 1299 non
993 1237 1057 1299 sint
1085 1255 1103 1298 a
1127 1233 1277 1319 Didymo,

166 1356 231 1401 uon
253 1346 390 1419 possunt
420 1355 485 1398 non
508 1336 608 1399 luisse
631 1346 736 1400 aetate
759 1339 899 1421 priores,
935 1339 1193 1422 quandoquidem
1216 1339 1277 1402 cri-

165 1441 314 1524 ticorum,
338 1440 391 1524 qui
414 1438 544 1524 Didymi
566 1441 647 1502 intra
672 1452 704 1503 et
726 1440 775 1504 Pii
799 1453 943 1524 tempora
958 1440 1155 1524 Sophoclem
1178 1441 1277 1520 adno-

166 1555 301 1627 tassent,
333 1542 418 1606 nulla
442 1543 572 1605 omniuo
596 1546 747 1607 memoria
772 1554 893 1625 exstat,
928 1544 1051 1608 Rittero
1082 1545 1276 1608 contrariam

164 1647 355 1710 seutentiam
370 1647 552 1727 sustinenti,
576 1658 611 1709 ut
623 1646 718 1710 tidem
731 1647 917 1729 habeamus,
938 1660 1011 1711 ante
1024 1647 1275 1732 corroboranda,

164 1749 253 1834 quod
274 1749 344 1814 lieri
366 1750 484 1834 nequit.
520 1749 637 1813 Nonne
659 1770 738 1814 vero
762 1750 862 1814 multo
886 1751 1084 1834 probabilius
1103 1751 1274 1834 videbitur,

164 1872 261 1936 quem
283 1855 315 1916 in
327 1850 508 1917 Homericis
531 1855 767 1918 commentariis
790 1855 822 1916 in
839 1854 1012 1920 afferendis
1034 1855 1276 1940 refutandisquc

267 2091 350 2144 garos
375 2077 520 2131 adnotarat
544 2073 646 2130 Annot.
673 2075 700 2126 in
726 2073 811 2146 Soph.
829 2074 909 2129 Aiar.
927 2093 952 2145 p.
971 2078 1014 2128 61.
1049 2074 1154 2130 Passim
1173 2079 1275 2131 mentio

270 2165 332 2216 eius
349 2163 378 2219 fit
398 2166 423 2217 in
443 2162 563 2218 Scholiis
587 2160 743 2215 Homericis
761 2169 842 2232 atque
862 2165 943 2216 etiam
962 2164 989 2215 in
1009 2161 1133 2230 Venetis,
1160 2180 1229 2236 quae
1249 2165 1274 2217 si

268 2254 462 2325 incomperto
492 2250 627 2304 hahemus
658 2248 807 2303 llerodiani
833 2245 1034 2319 Nicanorisque
1067 2257 1187 2323 tempora
1220 2267 1273 2306 non

267 2340 417 2406 excedere,
444 2340 470 2391 in
489 2344 621 2403 aetatem,
647 2354 699 2407 qua
726 2335 826 2387 vixerit
853 2333 934 2399 Pius,
968 2336 1153 2388 coniecturam
1178 2337 1273 2390 facere

266 2426 371 2479 sinunt:
390 2425 461 2496 quod
481 2441 534 2478 non
553 2425 698 2494 reputavit,
717 2437 797 2492 quum
817 2417 893 2472 Pium
914 2436 967 2473 nou
985 2428 1047 2473 ante
1066 2422 1147 2476 linem
1166 2424 1272 2478 saeculi

267 2509 413 2565 Christiani
436 2512 550 2566 secundi
569 2511 695 2564 floruisse
720 2509 897 2564 contenderet
919 2509 1041 2566 Ritterus
1061 2515 1143 2568 Ceos.
1162 2521 1189 2568 et
1208 2511 1271 2571 Did·

265 2614 291 2668 p.
314 2601 358 2653 67.
399 2599 549 2653 Certiorem
574 2595 746 2669 computandi
771 2598 841 2649 viam
870 2605 1001 2652 monstrat
1027 2599 1205 2671 Etymologus
1234 2599 1270 2658 Μ.

264 2703 290 2755 p.
308 2688 367 2750 664,
385 2689 427 2751 69,
446 2686 492 2739 ubi
512 2703 582 2756 quae
602 2685 635 2738 de
654 2701 723 2737 voce
743 2679 893 2760 stprp'p‘ndlyr
917 2686 996 2740 simul
1014 2687 1130 2742 laudatis
1148 2689 1271 2743 Alexan·

167 2795 170 2799 ·
266 2772 315 2826 dro
334 2773 489 2828 Cotiaernsi
514 2783 541 2828 et
558 2773 606 2827 Pio
631 2775 767 2841 leguntur,
792 2789 826 2824 cx
847 2771 903 2825 Oro
922 2771 1092 2828 reseruntur:
1111 2775 1156 2828 hic
1175 2778 1199 2829 si
1218 2775 1271 2830 Mi·
1311 2760 1325 2785 s

266 2857 351 2913 lesius
376 2869 431 2927 est,
449 2869 478 2913 ut
496 2879 544 2932 par
563 2870 605 2915 est
624 2859 752 2926 credere,
778 2863 823 2931 qni
844 2861 956 2914 saeculo
977 2871 1038 2933 post
1057 2862 1120 2916 Chr.
1139 2865 1270 2932 secundo,

248 2950 298 3008 ¹ut
314 2947 402 3000 visum
422 2943 585 3009 Bitschclio,
609 2947 685 3007 vixit,
712 2941 830 3014 Didymi,
850 2961 903 3014 qno
921 2944 987 2997 Pius
1005 2947 1093 2999 minor
1112 2946 1170 3013 fuit,
1197 2956 1270 3002 aeta·
1358 2938 1360 2942 Α

269 3038 323 3085 tom
348 3050 428 3104 quum
462 3031 663 3103 adsumpseris,
692 3038 735 3083 sat
761 3039 844 3083 arctis
869 3029 968 3084 finibus
993 3028 1035 3083 Pii
1059 3040 1137 3086 aetas
1155 3035 1270 3086 circum·

269 3120 369 3189 scripta
398 3117 542 3174 videbitur.
579 3118 660 3173 h'ulln
688 3120 784 3172 nititur
806 3121 910 3172 ratione
936 3119 963 3172 id
982 3119 1054 3192 quod
1073 3123 1163 3174 statuit
1183 3120 1271 3176 Grae·

266 3204 400 3261 senhanus
411 3196 435 3260 l.
458 3206 475 3261 Ι.
494 3224 519 3277 p.
534 3210 611 3276 tiit),
630 3206 706 3260 Pium
726 3207 867 3276 aequalem
887 3204 973 3260 luisse
988 3206 1107 3279 Didymi.
1142 3210 1270 3266 Ceterum

265 3302 378 3364 spectat,
397 3303 426 3347 ut
444 3295 495 3348 hoo
514 3294 602 3348 obiter·
627 3293 763 3359 adnotent,
792 3292 944 3363 Etymologi
966 3293 1045 3346 locus
1070 3294 1104 3347 ad
1124 3292 1225 3368 Odyss.
1242 3316 1271 3365 p.

273 3381 315 3446 84,
335 3382 412 3436 cuius
431 3399 464 3434 ex
482 3380 604 3435 Scholiis
621 3378 739 3448 antiquis
757 3377 831 3431 Orus
850 3378 987 3432 hauserit:
1006 3380 1078 3434 unde
1096 3382 1149 3433 iam
1165 3387 1271 3436 constat

266 3470 454 3524 Alexandrum
473 3471 559 3536 illum,
585 3485 664 3541 quem
690 3467 785 3521 iliadis
810 3467 985 3537 interpretem
1012 3485 1044 3522 ex
1072 3468 1194 3522 Scholiis
1213 3468 1270 3541 Ve-

266 3561 337 3613 netis
362 3559 452 3612 adhuc
476 3574 649 3623 noveramus,
674 3553 827 3626 Odysseam
853 3570 960 3624 quoque
987 3554 1149 3609 adnotasse:
1174 3572 1270 3626 quam-

265 3660 346 3715 quam
370 3647 396 3699 in
421 3644 511 3698 medio
538 3643 749 3714 relinquendum
771 3647 827 3704 est,
854 3639 924 3692 hauc
948 3657 1060 3711 operam
1082 3656 1158 3694 suam
1174 3649 1271 3696 auctor

269 3746 304 3784 an
326 3733 467 3805 perpetuis
489 3731 693 3785 commentariis
720 3727 888 3799 expedierit,
916 3744 997 3798 quum
1016 3730 1177 3801 praesertim
1196 3731 1270 3800 quod

269 3815 408 3872 adnotavit
424 3817 460 3870 ad
480 3836 505 3872 v.
522 3817 644 3890 ἐπισχοῐες
661 3814 738 3868 lliad.
756 3812 779 3879 Ε,
798 3816 859 3883 241,
887 3813 915 3866 id
935 3814 1049 3868 traditur
1067 3814 1270 3886 exposuissem

264 3905 299 3970 τῷ
316 3899 324 3953 l
341 3900 583 3967 consensionum
613 3900 660 3970 qui
678 3898 799 3952 eiusdem
818 3901 909 3970 operis
928 3899 998 3953 liber
1017 3901 1115 3954 citatur
1128 3900 1162 3954 ab
1180 3901 1269 3975 Etym.

269 3985 306 4041 ill.
326 4007 351 4062 p.
370 3992 430 4054 ato,
449 3991 492 4056 26,
513 3988 576 4041 dum
602 3983 727 4058 pleniore
753 3987 829 4041 titulo
848 3986 920 4040 idem
946 4003 1014 4058 opus
1032 3996 1197 4043 memoratur
1214 3989 1270 4068 ampl

266 4073 422 4152 παντοδαπῆς
447 4073 507 4149 ὅλης
534 4082 560 4128 et
578 4072 755 4145 qnadraginta
775 4072 881 4126 duobus
898 4072 978 4127 libris
996 4075 1158 4132 constitisse
1171 4074 1270 4139 dicitnr

269 4160 442 4239 aStephauo
460 4161 570 4234 nym.
543 4159 723 4214 v.llorcdum
761 4158 802 4212 ct.
829 4158 958 4213 Meinolxc
985 4159 1062 4214 Anal.
1081 4159 1205 4233 Alczp.
1227 4163 1267 4220 to.

268 4244 362 4307 Lehrs
375 4245 487 4314 Quaest.
506 4265 550 4320 ep
567 4264 594 4320 p
613 4248 652 4300 ta.
