2902 4822
698 391 750 467 88

164 591 368 674 antiquorum
409 583 564 669 peculiari
605 585 727 668 scripto
770 584 934 650 enchiridii
977 587 1106 650 nomine
1144 583 1277 670 vulgato

162 704 320 758 tractasse
350 711 392 754 ex
422 687 672 771 Hephaestionis
706 688 880 752 scholiasta
914 688 1059 773 Longino
1092 710 1125 773 p.
1155 691 1199 753 70
1228 687 1278 767 ed.

161 793 273 880 Egger
302 794 472 858 docemur:
504 812 600 877 quem
623 792 728 856 locum
751 793 780 855 si
813 793 905 857 malis
935 793 976 856 ad
1005 792 1278 878 Hephaestionem

165 901 299 981 referre,
323 898 411 983 quod
433 897 508 959 mihi
530 894 699 979 probabile
722 895 823 958 videri
847 895 874 978 §.
894 896 936 958 20
958 898 1148 981 significavi,
1171 907 1280 961 tamen

165 1003 312 1087 quamvis
334 999 461 1065 sublato
485 999 593 1081 operis
616 999 755 1081 nomine,
789 1000 858 1063 eius
882 1001 1010 1083 generis
1043 1021 1126 1085 opus
1150 1000 1192 1064 de
1215 1018 1280 1064 me·

166 1105 221 1169 dio
252 1123 318 1167 non
347 1102 479 1181 tollitur,
513 1100 608 1185 quale
642 1111 675 1164 et
706 1103 811 1185 ipsum
845 1104 1046 1188 significatur
1078 1124 1095 1168 a
1131 1104 1280 1188 Longino

166 1232 197 1293 p.
221 1208 274 1289 66,
297 1207 352 1270 ubi
370 1204 566 1270 Heliodorus
589 1206 672 1268 inter
695 1224 752 1269 eos
777 1206 935 1289 laudatur,
960 1209 1015 1291 qui
1038 1208 1080 1271 de
1102 1216 1280 1273 metrorum

165 1323 280 1376 natura
304 1309 543 1392 exposuissent.
588 1307 671 1371 Tum
694 1329 777 1392 quae
806 1320 934 1374 exstant
967 1311 1054 1393 apud
1078 1311 1280 1379 Priscianum

165 1415 207 1479 de
230 1413 340 1477 metris
364 1411 503 1476 Terentii
527 1421 559 1475 et
581 1412 666 1494 apud
689 1410 962 1494 Hephaestionem
995 1436 1026 1499 p.
1050 1416 1092 1478 16
1113 1413 1280 1479 Heliodori

118 1503 120 1507 ¹
166 1519 411 1584 observationes
445 1516 597 1579 metricae
627 1533 693 1578 non
715 1517 809 1579 unius
840 1532 956 1599 poetae
980 1518 1174 1583 carminibus
1204 1535 1281 1582 con·

164 1620 336 1688 stituendis
365 1618 539 1684 adstrictae
572 1619 868 1702 deprehenduntur,
903 1620 961 1684 sed
991 1631 1056 1685 tam
1084 1621 1279 1686 dramaticus

166 1746 263 1811 quam
294 1724 427 1808 lyricos,
464 1724 496 1786 in
528 1723 579 1786 his
612 1720 795 1804 Pindarum,
833 1723 1033 1808 Alcmanem,
1071 1723 1280 1804 Simonidem,

165 1829 413 1913 Hipponactem,
436 1827 609 1910 attingunt3
633 1812 716 1908 quae
740 1846 805 1890 non
827 1841 964 1909 possunt
986 1848 1051 1892 non
1080 1829 1203 1912 scripto
1225 1825 1281 1892 ali·

168 1952 232 2018 quo
265 1952 333 1995 rem
364 1940 541 1993 metrorum
575 1930 789 1994 universalem
824 1932 995 2015 complexo
1025 1942 1162 1997 tractata
1195 1950 1281 1997 esse.

169 2034 313 2099 Tametsi
335 2035 399 2098 iam
421 2034 455 2096 in
476 2033 540 2096 hoc
563 2053 662 2116 opere
685 2035 817 2098 metrico
840 2035 905 2118 illa,
930 2056 1025 2119 quam
1048 2056 1147 2119 supra
1163 2036 1282 2100 excita-

168 2140 291 2221 vimus,
326 2139 502 2202 carminum
529 2135 854 2218 Aristophanicorum
877 2140 1036 2204 ordinatio
1069 2139 1133 2224 legi
1166 2139 1281 2224 potuit,

168 2261 363 2328 quamquam
395 2241 438 2304 ita
461 2250 497 2303 ut
518 2249 696 2304 statuamus
720 2251 794 2305 sunt
817 2263 900 2327 quae
923 2243 1141 2325 dissuadeant,
1176 2254 1282 2307 tamen

168 2348 270 2433 signis
294 2346 439 2427 musicis,
463 2354 498 2407 ut
520 2343 597 2408 illuc
619 2345 704 2408 unde
727 2356 838 2409 exorta
863 2356 913 2409 est
936 2346 1018 2410 haec
1041 2347 1082 2410 de
1104 2343 1283 2410 Heliodoro

167 2449 343 2532 disputatio
373 2448 503 2512 tandem
525 2449 653 2531 redeat,
690 2449 776 2512 hunc
798 2451 965 2512 metricum
990 2448 1077 2512 ullibi
1100 2449 1141 2513 ad
1170 2457 1283 2512 notan·

167 2553 225 2616 das
244 2564 420 2615 metrorum
440 2553 582 2615 rationes
600 2554 707 2617 varias
725 2573 820 2618 usum
837 2572 922 2635 esse,
944 2573 1009 2616 non
1025 2562 1134 2636 potest
1152 2552 1284 2616 demon·

167 2657 274 2722 strari.
318 2653 489 2719 Praeterea
511 2674 591 2718 vero
613 2654 703 2738 illud,
727 2665 761 2719 ut
784 2657 909 2739 opinor,
943 2656 1282 2738 demonstratumest,

168 2761 202 2823 in
221 2779 287 2845 quo
307 2758 557 2822 demonstrando
576 2758 732 2824 hactenus
751 2758 971 2842 versabamur,
990 2771 1118 2844 praeter
1134 2756 1285 2842 Hephae·

169 2865 306 2928 stionem
338 2862 581 2927 conscribendis
603 2863 636 2924 in
658 2863 907 2945 Aristophanem
929 2862 1069 2928 Scholiis
1102 2862 1284 2945 superstiti·

169 2967 231 3033 bus
256 2978 408 3053 quantum
432 2967 471 3032 ad
486 2976 609 3050 partem
632 2969 796 3032 metricam
820 2967 915 3031 etiam
938 2967 999 3030 alia
1027 2965 1173 3032 subsidia
1196 2966 1285 3030 adhi-

166 3071 234 3136 bita
250 3093 336 3152 esse,
360 3082 392 3136 et
410 3091 448 3135 ea
469 3073 501 3134 in
519 3057 611 3154 parte
628 3071 781 3135 nonnulla
801 3073 921 3154 inesse,
946 3092 1030 3155 quae
1049 3070 1284 3156 antiquioribus

170 3175 411 3259 Hephaestione
439 3175 625 3239 auctoribus
648 3174 834 3239 debeantur.

257 3278 369 3362 ltaque
398 3278 440 3343 ad
469 3281 599 3365 antiqua
632 3277 687 3342 illa
720 3280 799 3343 artis
827 3281 958 3344 criticae
989 3279 1285 3344 Alexandrinorum

169 3382 344 3468 primordia
367 3383 437 3447 sive
463 3383 668 3447 fundamenta
698 3382 783 3447 ultro
806 3382 1006 3464 deducimur,
1030 3383 1283 3464 triumvirorum,

171 3484 340 3568 Zenodoti,
374 3486 611 3571 Aristophanis,
647 3485 826 3550 Aristarchi
856 3486 1038 3551 nominibus
1066 3486 1205 3549 maxime
1237 3486 1285 3548 in·

170 3590 286 3676 signia,
310 3609 447 3675 quorum
478 3592 532 3676 qui
554 3592 659 3674 primo
692 3589 766 3655 loco
789 3589 1001 3654 nominandus
1036 3591 1106 3674 suit,
1137 3591 1166 3655 si
1196 3599 1285 3655 recte

170 3713 269 3777 supra
298 3694 339 3758 ab
368 3696 430 3759 hac
454 3696 643 3781 quaestione
675 3694 829 3759 exclusus
853 3706 913 3777 est,
948 3695 1039 3758 alteri
1063 3694 1128 3758 duo
1150 3703 1284 3776 restant,

170 3817 306 3882 quorum
329 3797 565 3881 Aristarchum,
589 3797 629 3862 de
652 3818 717 3882 quo
739 3799 877 3881 primum
900 3797 1080 3880 dicendum,
1103 3799 1137 3860 in
1158 3799 1285 3863 Aristo·

366 3969 459 3980 ——q-n

273 4055 418 4110 Helicdcri
453 4060 544 4109 aetate
578 4055 659 4110 simul
695 4054 866 4125 aliquatenus
900 4061 1008 4109 constat
1044 4054 1079 4109 de
1113 4052 1285 4125 temporibus

276 4142 434 4214 Symmachi
458 4149 485 4197 et
508 4141 613 4209 Phaini,
635 4142 827 4214 Aristophanis
845 4144 1033 4213 interpretum,
1058 4140 1092 4196 de
1112 4140 1212 4213 quihus
1229 4141 1285 4198 alic

274 4230 337 4286 loco
356 4228 470 4286 dicetur.
