2902 4822
1054 365 1064 414 l

568 452 578 472 ⁸
693 439 847 517 101λ

172 655 236 719 que
258 643 388 717 partem
407 640 513 719 quum
526 633 631 716 possit
654 631 822 718 disputari,
859 635 922 701 hoc
953 644 1060 700 tamen
1084 634 1284 708 demonstra·

170 748 239 802 tum
261 734 416 819 ar'hitror,
451 757 523 800 eam
553 736 725 800 adnotandi
748 739 904 803 rationem
919 759 947 802 -a
968 737 1121 803 Triclinio
1143 739 1197 803 vel
1219 739 1283 806 alio

171 840 301 905 homine
322 841 444 903 novitio
467 859 573 923 neque
604 840 821 924 excogitatam
848 862 959 927 neque,
977 861 1019 906 ex
1040 841 1112 908 solo
1136 840 1284 929 Hephae·

171 944 277 1008 stione
307 942 511 1025 adsumptam
542 962 627 1024 esse,
653 943 750 1005 immo
774 964 815 1006 ex
837 945 980 1009 fontibus
1001 945 1099 1030 longe
1125 947 1283 1034 antiquio·

170 1046 262 1109 ribus
295 1065 382 1109 eam<
402 1044 611 1128 repetendam
646 1065 735 1129 esse,
770 1048 977 1132 quiquidem
1005 1069 1103 1134 quum
1126 1048 1282 1122 diuexa-

170 1149 313 1212 ruissent
346 1148 428 1231 ipsi,
472 1158 578 1211 tamen
610 1147 746 1232 liquoris
775 1151 919 1215 nonnihil
951 1151 1177 1237 reliquissent,
1215 1160 1291 1240 quo¹

169 1253 370 1334 posteriores
392 1251 507 1317 hortos
529 1269 609 1317 suos
631 1253 766 1337 irrigare
788 1248 972 1336 potuerant.

562 1416 563 1419 ’
673 1417 703 1483 s.
732 1408 786 1475 30.

239 1601 246 1614 ι
275 1531 325 1588 De
344 1531 529 1625 lflatcnis
550 1530 714 1623 scriptis
743 1532 786 1590 ab
808 1531 1066 1605 Aristophane
1087 1535 1178 1606 Bya.

254 1664 257 1668 ⁴
647 1632 805 1693 notatis·
1028 1625 1030 1628 ’

254 1766 299 1832 At
316 1767 464 1832 >nondum
486 1767 610 1833 dimitto
633 1767 893 1853 Aristophanem,
917 1789 1024 1855 quem,
1047 1769 1076 1834 si
1095 1769 1280 1836 coniectura

168 1889 221 1934 me
243 1888 402 1935 mea-non
424 1871 514 1954 fallit,
548 1873 718 1938 ostendam
748 1873 834 1936 notis
863 1873 985 1938 criticis
1020 1874 1117 1937 etiam
1136 1874 1183 1939 ‚in
1217 1871 1281 1944 alio

167 1991 289 2058 genere
299 1976 515 2058 *scriptorum
551 1975 727 2055 tractando,
752 1993 849 2037 usum
869 1993 977 2051 “esset
1023 1996 1117 2059 quem
1150 1975 1282 2041 notandi

168 2095 292 2141 morem
314 2078 343 2141 si
365 2079 467 2154 semel
500 2078 652 2143 adhibere
682 2079 715 2140 in
751 2087 820 2141 arte
850 2077 960 2141 critica
988 2077 1160 2142 iactitanda
1190 2079 1282 2143 insti·

168 2189 285 2263 tuerat,
308 2199 373 2243 non
394 2183 511 2245 mirum
534 2191 642 2266 potest
664 2180 776 2262 videri,
800 2179 833 2243 in
866 2180 987 2246 eodem,
1004 2181 1099 2244 etiam
1121 2200 1180 2264 per
1202 2178 1281 2244 alio-

167 2301 241 2346 rum
254 2283 450 2366 scriptorum
467 2304 585 2371 genera
605 2282 803 2367 usurpando,
823 2284 969 2367 quamvis
982 2284 1084 2368 signis
1096 2303 1156 2367 pro
1173 2283 1281 2347 diver·

168 2385 265 2449 sitate
297 2390 478 2471 argumenti
509 2388 686 2472 paullisper
708 2386 851 2466 mutatis,
886 2405 960 2448 eum
990 2385 1052 2453 sibi
1083 2386 1279 2455 constitisse.

167 2485 301 2553 Scilicet
320 2497 348 2564 s.
365 2491 417 2573 21,
440 2492 497 2554 uhi
519 2490 559 2556 de
577 2490 678 2573 signis
700 2508 782 2572 quae
793 2485 968 2550 Platonicis
984 2489 1113 2572 seriptis
1132 2488 1279 2554 adiectae

166 2596 387 2678 reperirentur
410 2615 518 2660 sermo
540 2596 613 2676 fuit,
644 2611 743 2676 quum
765 2601 880 2654 auctor
901 2610 1013 2654 eorum
1036 2592 1108 2675 quis
1131 2591 1281 2655 fueritin

166 2697 274 2762 medio
288 2697 531 2782 relinquendum
546 2706 644 2779 esset,
666 2698 695 2759 ei
712 2694 894 2780 quaestioni
906 2681 995 2757 'nunc
1007 2704 1180 2778 postquam
1194 2714 1278 2779 quae

166 2808 199 2864 et
221 2798 326 2884 qualis
343 2800 571 2884 Aristophanis
590 2799 738 2885 Byzantii
759 2796 916 2861 industria
937 2798 970 2859 in
992 2797 1056 2861 hoc
1074 2816 1193 2882 genere
1211 2807 1279 2861 stu-

166 2898 293 2967 diorum
314 2904 421 2985 suerit,
445 2903 559 2967 melius
577 2901 852 2985 perspexerimus,
875 2920 1049 2985 permagna
1066 2920 1140 2964 cum
1162 2900 1280 2984 proba·

165 3004 289 3070 bilitate
321 3006 511 3088 responderi
544 3007 672 3089 poterit.
715 3004 844 3068 Etenim
876 3005 906 3066 si
939 3005 1122 3088 recogiteS,
1153 3003 1278 3068 Aristo·

166 3108 306 3194 phanem
342 3111 375 3172 in
407 3108 470 3173 hoc
500 3108 612 3173 labore
646 3128 710 3171 non
732 3107 838 3172 solum
862 3105 1044 3180 Homericis
1073 3106 1280 3190 carminibus,

165 3206 344 3277 sedetiam
366 3213 477 3296 lyricis
500 3222 596 3296 atque
620 3212 801 3275 dramaticis
823 3230 916 3274 suam
939 3231 1048 3275 curam
1071 3210 1279 3295 impendisse,

165 3316 328 3380 concedas
360 3326 448 3380 certe
482 3335 618 3380 neeesse
642 3325 691 3380 est
714 3314 848 3379 eandem
878 3333 952 3378 eum
975 3315 1007 3376 in
1028 3307 1165 3379 Platcn'e
1186 3334 1280 3399 prae·

164 3424 252 3482 stare
266 3420 441 3501 qotuisse.
486 3419 558 3483 Hoc
590 3419 719 3502 quidem
752 3438 865 3500 parum
899 3428 950 3483 est
982 3416 1024 3481 ad
1057 3418 1278 3504 probandum:

164 3519 231 3584 sed.
245 3539 312 3584 non
334 3521 452 3586 nullius
474 3521 635 3586 videbitur
657 3523 809 3586 momenti
834 3540 927 3602 esse,
963 3520 1050 3604 quod
1083 3522 1278 3604 scriptorum

164 3619 405 3688 Platonicorum
428 3626 527 3689 editio
551 3645 600 3708 ea,
624 3644 707 3708 quae
729 3624 815 3687 notis
838 3621 991 3687 distincta
1012 3622 1163 3704 traditur,
1196 3620 1277 3705 ipsis

164 3723 232 3788 iere
254 3728 464 3810 temporibus,
489 3729 606 3813 quihus
628 3727 707 3789 vixit
721 3725 967 3808 Aristophanes,
990 3735 1026 3787 ut
1048 3744 1148 3807 snpra
1170 3733 1278 3789 osten·

164 3825 281 3907 dimus,
305 3831 452 3894 coniecta
476 3842 544 3913 est,
580 3849 662 3914 quae
690 3840 872 3911 temporum
905 3827 1115 3913 congruentia
1142 3845 1208 3891 non
1228 3828 1276 3894 vi·

164 3928 259 3994 detur
281 3933 371 3995 casui
393 3933 562 3996 tribuenda
580 3953 665 4016 esse,
690 3953 789 4017 quum
809 3933 999 4014 praesertim
1018 3930 1163 4014 accedat,
1186 3931 1276 4017 quod

163 4032 197 4095 in
218 4032 404 4098 ordinandis
426 4035 570 4100 Platonis
604 4037 758 4118 operibus
781 4033 1045 4118 Aristophanem
1065 4053 1199 4118 operam
1220 4033 1276 4099 de·

164 4133 252 4199 disse
274 4136 308 4199 in
330 4149 496 4221 comperto
518 4139 685 4204 habemus.
720 4139 805 4202 lnter
827 4155 885 4202 ecs
909 4137 1003 4220 enim,
1027 4137 1081 4222 qui
1094 4136 1275 4214 *Platonicis

163 4231 294 4326 scriptis
328 4238 370 4304 ad
402 4249 510 4307 certas
545 4242 670 4308 classes
704 4236 926 4309 describendis
959 4239 1144 4329 vacassent,
1178 4241 1275 4305 etiam
