2902 4822
693 344 742 453 10

164 572 331 658 ἀρσενικόν·
367 570 401 637 cir
432 569 488 656 γὰρ
520 568 592 654 ἀνὴρ
624 564 824 653 ἐκτιτρώσκει·
858 563 976 650 ἢκατὰ
1007 567 1117 652 τύχην,
1150 567 1195 643 ὡς
1221 575 1274 635 1οὔ

163 678 232 762 γυνὴ
264 676 283 760 ἡ
313 677 452 760 κλητική,
486 672 536 739 καὶ
567 681 618 738 τοῦ
647 671 729 756 ὕδωρ
759 671 779 756 ἡ
809 668 922 753 pertzii,
956 667 1006 734 καὶ
1035 678 1087 736 τοῦ
1118 671 1225 748 ὕδατος
1253 672 1275 758 ἡ

165 780 283 864 tutetur,
312 780 362 848 καὶ
384 779 511 846 ἐπὶτῶν
535 777 655 862 ὁμοίων.
707 777 796 840 lusto
827 777 911 840 enim
934 770 1178 860 βαρβαρικώτερα
1199 776 1275 842 talia

164 886 296 966 fuerint,
331 905 425 968 quam
457 893 493 947 ut
525 903 545 946 a
574 879 782 967 grammatico
813 879 882 942 eius
912 877 1048 960 aetatis,
1083 898 1145 961 qua
1167 878 1277 944 iloruit

165 986 383 1069 Aristonicus,
407 989 537 1050 tractari
559 984 743 1068 potuerinh
774 979 862 1044 Nihil
884 999 923 1043 ea
945 980 986 1043 de
1008 1001 1044 1044 re
1059 979 1275 1066 Muetzellius‚

166 1097 338 1152 contentus
359 1086 433 1152 loeo
452 1084 638 1171 Etymologi
660 1083 703 1146 M.
727 1082 746 1145 1.
770 1082 935 1147 afferendo
957 1103 989 1166 0.
1012 1083 1085 1147 289.
1118 1082 1184 1148 Sed
1208 1104 1277 1148 rem

165 1193 198 1255 in
220 1191 327 1255 medio
350 1192 508 1275 relinque.

252 1296 405 1361 Ceterum
424 1317 520 1380 quam
542 1295 738 1359 advertimus
755 1295 788 1358 in
799 1292 986 1357 Aristonico
999 1293 1277 1374 consuetudinem,

166 1399 249 1463 lihro
282 1401 315 1462 in
337 1399 516 1464 Aristarchi
538 1400 640 1483 signis
662 1396 861 1460 illustrandis
884 1395 1028 1459 versanti
1060 1415 1153 1459 suam
1173 1397 1278 1486 ipsius

167 1504 358 1568 sententiam
377 1503 418 1567 de
437 1503 519 1566 locis
537 1501 718 1565 Homericis
736 1501 841 1583 deque
862 1499 960 1563 rebus
985 1500 1279 1584 grammaticalibus

167 1607 341 1689 inserendi,
364 1607 477 1669 eadem
500 1607 596 1669 etiam
617 1625 697 1668 usus
721 1603 858 1684 videtur,
896 1621 992 1685 quem
1015 1602 1154 1686 exempli
1175 1603 1280 1687 gratia

169 1705 280 1788 affero,
316 1707 497 1771 Aristocles
527 1707 770 1791 grammaticus
799 1715 872 1769 ortu
893 1704 1050 1787 Rhodius,
1081 1705 1174 1769 euius
1196 1723 1280 1789 quae

169 1829 232 1874 una
264 1811 449 1875 observatio
485 1810 620 1873 deloco
642 1808 826 1892 Homerico,
857 1809 897 1872 ab
927 1807 1116 1874 Aristarcho
1139 1808 1280 1894 quidem,

171 1923 324 1998 quantum
357 1914 488 1994 scimus,
519 1932 584 1976 non
618 1922 754 1976 tractato
785 1922 890 1976 exstat
924 1933 974 1996 00.
996 1910 1107 1977 Schol.
1134 1911 1222 1976 lliad.
1254 1933 1299 1993 τ,’

170 2018 244 2099 218,
278 2036 350 2080 0001
385 2037 426 2079 ex
460 2016 555 2099 libre,
586 2037 681 2100 quem
715 2016 756 2080 de
789 2016 980 2080 Aristarcho
1011 2016 1185 2098 scripsisse
1206 2037 1282 2082 eum

171 2127 308 2182 testatur
329 2116 503 2184 ErotIanus
518 2116 640 2200 Expos.
663 2120 695 2181 10
708 2118 863 2202 Η100001.
885 2120 980 2203 012.
1003 2117 1130 2200 Franz,
1152 2119 1282 2184 ductam

172 2240 310 2287 000000
333 2223 402 2284 veri
425 2220 559 2285 similius
583 2232 643 2303 est,
676 2241 740 2305 quo
763 2221 918 2304 peculiari
947 2222 1009 2286 alio
1030 2242 1130 2306 opere
1153 2222 1194 2286 de
1216 2222 1283 2287 Ho-

172 2342 262 2386 mero
286 2323 458 2404 scripsisse
492 2343 564 2386 eum
597 2343 662 2386 non
693 2333 830 2388 constat.
874 2325 998 2389 Atvero
1026 2325 1100 2391 huic
1128 2317 1283 2391 Aristooli

125 2505 127 2513 Α
173 2446 239 2490 000
262 2426 356 2490 video
382 2446 440 2489 cur
462 2445 526 2487 non
549 2426 695 2489 malimus
718 2426 861 2491 tribuere
884 2427 1000 2491 lihrum
1023 2448 1040 2491 0
1065 2429 1228 2498 veteribus
1256 2429 1283 2509 ²)

173 2529 338 2594 laudatum
360 2525 428 2611 περὶ
450 2525 613 2609 διαλέκτου,
637 2529 700 2611 vel,
726 2528 814 2612 quod
835 2540 990 2612 praestat,
1023 2527 1091 2613 περὶ
1123 2529 1284 2596 διαλέκτων

173 2630 373 2712 inscriptum,
398 2649 495 2712 quam
516 2629 738 2712 Lampsaceno
764 2629 892 2714 Stoico,
917 2633 968 2696 cui
990 2633 1154 2698 vindicare
1176 2634 1286 2699 studet

174 2734 348 2799 Lerschius
371 2731 702 2817 Sprachphilosophie
725 2734 763 2800 Τ.
786 2735 808 2799 1.
832 2758 863 2820 p.
886 2737 939 2801 74.

263 2836 316 2901 Ah
346 2834 489 2900 Homero
518 2836 622 2901 facilis
650 2839 804 2902 transitus
833 2836 874 2900 ad
906 2837 1096 2922 Hesiodum,
1128 2843 1221 2906 errius
1254 2843 1288 2906 10

176 2938 365 3024 Theogonis
378 2940 498 3022 pariter
509 2949 605 3024 atque
623 2942 656 3003 in
667 2940 765 3005 lliade
784 2953 816 3004 et
835 2941 984 3028 Odyssea
1004 2945 1144 3008 notanda
1162 2943 1288 3012 Aristo·

178 3043 285 3106 nicum
318 3050 482 3105 versatum
520 3061 606 3124 esse,
640 3040 759 3108 Suidas
789 3054 935 3109 testatur.
991 3045 1042 3110 De
1077 3067 1142 3131 quo
1177 3068 1288 3133 opere,

179 3144 271 3207 cuius
295 3143 389 3206 unica
411 3143 443 3204 in
457 3142 597 3207 Scholiis
615 3143 738 3228 Theog.
762 3146 803 3208 ad
825 3167 874 3210 vs.
891 3148 953 3211 178
975 3149 1161 3234 1110100110,
1184 3150 1289 3236 fallor,

181 3253 236 3306 aut
258 3261 394 3325 prorsus
417 3242 533 3307 eodem
555 3244 663 3328 modo,
698 3250 827 3330 quode
856 3249 969 3333 altero,
1002 3252 1207 3318 iudicandum
1229 3263 1290 3320 est.

180 3343 305 3408 Maiore
341 3345 427 3408 enim
457 3365 556 3434 quam
586 3347 620 3410 id
649 3347 758 3415 facere
787 3372 888 3416 ausus
918 3364 971 3418 est
1001 3352 1216 3441 Goettlingius
1249 3357 1292 3422 ad

87 3504 89 3511 .
182 3445 314 3511 Hesiod.
335 3470 365 3534 p.
381 3446 513 3512 LXVlll
532 3449 584 3515 ed.
606 3450 658 3514 alt.
684 3453 801 3517 fiducia
826 3474 1015 3521 asseverare
1038 3477 1139 3540 posse
1156 3460 1293 3524 01111111-

183 3548 281 3634 (1001,
305 3561 400 3616 notas
422 3552 505 3636 illas,
537 3554 577 3618 de
600 3556 718 3639 quibus
741 3559 929 3640 scripsisset
951 3559 1173 3646 Aristonicus,
1206 3563 1294 3628 haud

183 3647 262 3714 alias
284 3650 397 3735 fuisse,
420 3674 516 3737 quam
539 3656 655 3740 quihus
678 3656 897 3744 Aristarchus,
928 3683 1022 3746 quem
1053 3663 1186 3730 Hesiodi
1208 3666 1294 3750 Ope·

183 3751 275 3816 ribus
298 3755 419 3836 pariter
447 3767 542 3841 atque
570 3758 778 3843 Theogoniae
807 3781 940 3845 operam
970 3765 1114 3831 criticam
1146 3769 1293 3852 eandem,

183 3947 468 3962 ψ-..ῄ-,ῄ

237 4071 266 4134 2)
285 4068 497 4208 Locumfioue'm
516 4075 637 4127 excitant
657 4090 690 4128 ex
708 4073 869 4146 Etymologo
888 4075 939 4144 hh,
964 4084 1110 4149 exscripsit
1127 4081 1222 4142 Sehol.
1236 4081 1297 4156 Op·

289 4154 363 4224 plani
409 4157 443 4210 al.
474 4196 482 4222 ,
501 4160 561 4210 225.
