2902 4822
545 409 703 504 ’συν

1243 574 1251 601 i

111 621 279 707 ὀιστερίσκιμ
310 620 343 686 δὲ
372 620 423 685 σὺν
453 617 551 702 ὀβελῷ
580 617 702 706 [χρῆται
732 617 946 707 Ἀρίσταρχος]
975 619 1053 706 πρὸς
1079 620 1114 687 τὸ
1146 617 1222 687 εἶναι

112 723 253 811 μὲντοὺς
276 725 395 808 στίχους
405 721 550 809 Ὁμήρου,
574 729 690 796 κεῖσθαι
711 724 745 789 δὲ
769 723 798 790 ἐν
821 726 905 813 ἄλλῳ
927 722 1012 814 τόπῳ
1034 728 1152 799 καλῶς·
1174 721 1222 799 οἶς

111 828 162 895 καὶ
183 826 358 914 ἀστερίσκος
378 825 467 911 μόνος
488 825 669 911 παράκειται.
714 829 817 894 Etiam
841 831 967 914 planius
989 851 1061 914 cap.
1084 829 1113 894 l:
1148 825 1165 893 ὁ
1188 825 1223 893 di

113 931 288 1018 ἀστερίσκος
309 929 382 1017 μετὰ
417 928 532 1012 ὀβελοό,
564 929 609 1007 ὡς
632 933 699 998 ὄντα
721 932 772 1019 μὲν
800 931 838 999 τὰ
866 933 925 1016 ἔπη
955 935 1007 998 τοῦ
1028 935 1159 1017 ποιητοῦ,
1181 932 1222 1018 μὴ

112 1040 216 1112 καλῶς
239 1035 272 1100 δὲ
294 1037 412 1119 κείμενα
434 1034 464 1100 ἐν
486 1032 570 1122 αὐτῷ
590 1045 635 1123 τῷ
652 1035 743 1120 τόπφ,
766 1031 830 1102 ἀλλ’
858 1033 889 1102 ἐν
911 1037 1007 1124 ἄλλῳ,
1030 1038 1222 1122 quibuscum

114 1142 316 1205 consentiunt
330 1140 533 1204 Anecdotunt
557 1139 637 1206 Ven.
661 1151 693 1205 et
715 1140 803 1204 Harl.
827 1142 853 1221 ¹)
886 1139 1079 1208 parisiensis
1110 1140 1223 1205 eadem

113 1246 172 1310 scd
195 1245 356 1310 concisius
379 1244 519 1328 ideoque
541 1245 711 1310 obscurius
733 1244 889 1309 tradentis
911 1245 1012 1309 verba
1040 1252 1067 1320 s·
1091 1264 1224 1329 praecc-
1290 1227 1296 1239 x

114 1351 210 1413 dente
232 1350 386 1432 apposui:
410 1367 426 1410 a
451 1367 515 1431 quo
539 1348 657 1432 pendet
680 1349 823 1412 isidorus
845 1346 869 1429 Ι,
889 1348 942 1430 20,
957 1349 990 1412 7:
1018 1346 1224 1413 „Asteriscus

114 1474 186 1517 curn
210 1452 316 1516 obelo.
360 1451 430 1514 Hac
462 1453 593 1534 proprie
626 1451 833 1516 Aristarchus
856 1451 1007 1515 utebatur
1037 1452 1130 1516 iniis
1154 1471 1225 1515 ver-

114 1557 216 1638 sibus,
242 1557 296 1640 qni
319 1573 381 1617 suo
404 1555 478 1618 loco
501 1557 597 1636 positi
621 1566 741 1640 erant«
769 1557 822 1620 ubi
842 1556 929 1640 quod
951 1556 1065 1621 dicitur
1088 1555 1129 1618 de
1151 1573 1226 1641 pro·

114 1662 249 1745 prietate
282 1659 352 1722 eius
384 1677 463 1721 usus
487 1657 682 1724 Aristarchia
719 1661 880 1744 quomodo
915 1660 1136 1743 accipiendum
1172 1659 1224 1740 sit,

114 1763 273 1827 illustravi
307 1761 362 1824 uhi
396 1761 437 1825 de
471 1762 688 1845 Aristophane
719 1783 827 1829 sermo
858 1764 927 1846 suit,
962 1764 989 1846 ξ.
1021 1763 1074 1847 24,
1108 1783 1126 1826 a
1161 1747 1226 1847 quo

115 1865 322 1930 Aristarchus
353 1874 516 1929 mutuatus
545 1877 603 1932 est.
648 1865 787 1954 Egregie
809 1889 879 1932 rem
910 1867 1058 1950 exemplo
1088 1867 1226 1931 illustrat

115 1971 344 2054 apospasmatii
366 1967 482 2034 Veneti
505 1974 633 2049 anotor':
658 1966 725 2035 ὅταν
754 1963 781 2036 δ’
803 1970 820 2037 ὁ
840 1966 1033 2056 Ἀγαμέμνων
1055 1967 1127 2054 λέγῃ
1150 1965 1227 2053 πρὸς

114 2072 164 2138 τὸν
182 2067 328 2157 Ἀχιλλέα
411 2100 414 2111 ·
874 2080 876 2086 ’

218 2191 273 2258 αἰεὶ
294 2190 351 2278 γάρ
373 2216 417 2259 τοι
438 2193 501 2278 ἔρις
521 2217 553 2258 τε
575 2197 647 2279 φίλη
670 2193 797 2282 πόλεμοί
817 2221 850 2264 τε
871 2196 965 2282 μάχαι
986 2221 1030 2279 τε,

116 2313 240 2379 ἐνταῦθα
272 2311 440 2399 ἦθετῆσθαί
471 2338 545 2399 φησι
579 2313 840 2403 [Aristarchus]‚
877 2316 962 2404 χάριν
994 2320 1046 2383 τοῦ
1078 2311 1227 2398 βασιλέως

116 2415 295 2501 ὀφείλοντος,
319 2415 343 2482 εἰ
364 2418 494 2494 τοιοότὸς
516 2419 590 2484 ἐστιν
614 2417 643 2483 ἐν
666 2419 788 2509 πολέμῳ
812 2419 828 2484 ὁ
852 2416 913 2486 κατ’
937 2419 1104 2505 ἐπικουρίαν
1126 2419 1224 2504 ἥκων·

116 2525 218 2606 διόπερ
242 2518 290 2585 ἐπὶ
311 2519 362 2605 μὲν
383 2525 435 2587 τοῦ
458 2520 614 2607 λεγομένου
637 2518 684 2588 ὑπ’
704 2519 921 2610 Ἀγαμέμνονος
944 2520 1052 2605 ὀβελὸς
1078 2521 1226 2606 παρακεί-

116 2647 195 2689 σεται
216 2622 267 2689 καὶ
295 2624 372 2709 πρὸς
399 2627 493 2713 τούτῳ
517 2624 710 2712 ἀστερίσκος·
739 2631 825 2712 δηλοῖ
853 2625 887 2693 δὲ
914 2629 1010 2709 τοῦτο,
1038 2623 1112 2692 ὅπου
1143 2618 1227 2705 ituci

114 2729 246 2812 κείμενος
269 2727 319 2794 σὺν
342 2732 384 2809 τῴ
406 2726 514 2812 ὀβελῷ,
537 2727 581 2795 ὅτι
600 2728 734 2816 Ὁμήρου
757 2730 808 2817 μέν
832 2731 901 2813 ἐστι,
925 2723 1086 2816 φαίλωςό
1103 2727 1227 2796 ἐνταῦθα

115 2839 214 2896 κεῖται
259 2831 407 2917 Pugnant
438 2834 566 2918 quidern
599 2857 672 2900 curn
705 2837 756 2901 his
790 2858 872 2922 quae
904 2836 946 2900 ad
977 2852 1107 2898 versum
1137 2834 1225 2897 ilium

116 2935 333 3017 Homericum,
379 2937 465 3002 iliad.
489 2960 518 3018 α,
543 2938 615 3022 177,
639 2941 671 3003 in
693 2938 802 3005 Schol.
828 2941 867 3003 A.
890 2939 1057 3023 leguntur:
1086 2934 1226 3021 ἀστερίσ-

23 3125 25 3128 .
114 3062 169 3113 κος
191 3037 235 3105 ὅτι
258 3036 382 3106 ἐνταῦθα
411 3037 514 3125 ὀρθῶς
548 3041 668 3126 εἴρηται,
699 3041 728 3107 ἐν
758 3042 791 3107 δὲ
822 3051 860 3127 τῇ
876 3035 1042 3128 Ὀδυσσείᾳ
1072 3039 1116 3106 οό.
1161 3039 1227 3103 Sed

116 3145 220 3207 omnia
243 3145 275 3206 in
297 3145 360 3208 hoc
383 3138 519 3209 Scholio
538 3147 656 3210 misero
681 3148 787 3229 modo,
812 3147 903 3211 cuius
927 3145 1055 3231 quidem
1078 3164 1227 3209 caussam

116 3265 181 3309 non
203 3249 375 3331 perspicio,
400 3249 525 3312 turbata
548 3259 632 3313 sunt.
676 3249 820 3314 Primum
852 3251 935 3314 enim
966 3269 1081 3312 versus
1111 3249 1172 3312 iste
1195 3248 1227 3311 in

117 3350 267 3436 Odyssea
295 3351 390 3415 hodie
423 3372 488 3415 non
518 3352 646 3438 legitur,
677 3355 734 3418 sed
765 3363 870 3419 exstat
901 3354 1057 3435 repetitus
1087 3338 1173 3414 lliad.
1202 3372 1226 3429 s,

115 3453 191 3536 891,
215 3455 269 3517 uhi
291 3474 374 3538 quae
400 3456 432 3518 in
455 3455 569 3519 eodem
592 3455 672 3522 Cod.
703 3456 829 3522 Veneto
853 3460 892 3539 A.
926 3456 1129 3536 adnotantur,
1164 3472 1228 3516 non

116 3559 221 3621 solum
246 3579 318 3621 curn
342 3559 381 3622 iis
405 3578 488 3643 quae
509 3569 623 3623 auctor
646 3561 876 3642 apospasrnatii
893 3560 999 3639 tradit,
1023 3554 1226 3620 conveniunt,

117 3659 175 3724 sed
198 3662 243 3725 ita
266 3672 450 3743 comparata
474 3673 559 3744 sunt,
583 3673 618 3725 ut
640 3663 821 3745 ostendant,
844 3661 1058 3727 Scholiastam
1078 3658 1143 3721 iilic
1166 3655 1227 3721 alia

117 3766 272 3830 adnotare
297 3764 466 3831 debuisse:
498 3760 721 3849 ὀόιστερίσκος,
745 3767 857 3851 inquit,
889 3761 933 3830 ὅτι
955 3762 1085 3828 ἐντεῦθεν
1105 3757 1227 3844 μετενή-

172 4008 197 4071 1)
218 3992 297 4058 Haud
316 4012 390 4058 reete
411 4003 567 4061 Grasenhnn
587 4006 604 4060 Ι.
624 4006 640 4058 l.
659 4005 689 4061 T.
711 4006 745 4061 ΙΙ.
762 4024 789 4078 μ.
808 4007 860 4058 ot:
895 4001 1008 4070 „Weun
1029 4001 1135 4058 Stcilen
1153 4019 1227 4056 zwar
1280 4046 1282 4049 .

222 4091 318 4156 sehon,
345 4090 412 4145 aher
430 4109 474 4144 arn
491 4091 641 4146 unrechten
660 4090 728 4146 Orte
755 4090 922 4160 angehracht
939 4107 1042 4155 waren,
1072 4107 1104 4145 so
1128 4092 1226 4144 notirte
1328 4094 1332 4101 '

222 4195 284 4233 rnan
304 4179 349 4231 cin
366 4177 478 4233 soiches
497 4178 680 4234 asthetisches
701 4175 850 4234 Bedenhen
868 4178 916 4232 mit
940 4179 1031 4234 ciuem
1050 4175 1154 4238 Obelos
1172 4174 1228 4230 und

222 4265 413 4323 Asteriskos.“
