2902 4822
751 471 830 550 244

233 679 416 738 accuratam
456 668 504 735 rei
539 666 775 754 expositionem
803 668 986 762 ‚desiderari
1019 671 1262 739 concedendum
1284 684 1348 760 est,

232 779 400 865 quidinde
424 778 582 864 sequitur,
606 776 755 842 omnibus
776 797 860 862 quae
883 777 1040 844 hactenus
1059 779 1296 865 disputavimus
1314 784 1348 847 in

229 905 328 950 unum
351 880 521 950 collectis?
555 880 691 946 Ratione
714 901 793 946 suae
814 883 918 967 ipsius
942 886 1057 950 aetatis
1079 885 1199 971 habita,
1234 898 1347 953 aucto·

228 1009 299 1055 rem
318 988 478 1077 syllabum
500 1004 613 1052 eorum
632 987 800 1072 signorum
819 988 1016 1072 exhibuisse,
1041 1010 1178 1076 quorum
1198 1010 1293 1057 usum
1313 994 1346 1056 in

228 1096 393 1160 variorum
424 1092 618 1176 scriptorum
654 1091 821 1158 codicibus
851 1093 1127 1179 deprehendisset,
1161 1094 1346 1163 discrimine

229 1219 337 1285 neque
359 1197 527 1283 temporis,
552 1215 617 1281 quo
637 1195 768 1281 aliquod
780 1200 934 1284 seriptum
952 1212 1095 1266 notatum
1116 1210 1223 1287 esset,
1238 1216 1345 1287 neque

227 1307 405 1374 litterarum
429 1305 572 1392 generis,
597 1304 690 1368 cuius
715 1306 867 1391 quodque
890 1319 994 1391 esset,
1017 1308 1119 1392 iacto,
1151 1317 1218 1372 tum
1245 1328 1343 1393 quum

227 1413 433 1502 intelligeret,
457 1429 541 1497 quae
563 1408 604 1472 ad
627 1409 801 1475 notationis
823 1411 988 1477 historiam
1003 1413 1209 1496 pertinerent,
1233 1412 1262 1476 si
1279 1432 1342 1497 qua

229 1520 306 1585 sciri
328 1526 474 1603 possent,
499 1536 573 1581 cum
602 1515 710 1579 fructu
730 1516 911 1599 appositum
940 1517 995 1599 iri,
1023 1515 1181 1581 adiecisse
1204 1536 1287 1601 quae
1310 1517 1341 1579 in

228 1637 380 1711 promptu
404 1632 525 1719 essent,
549 1621 695 1686 sublecta
719 1641 759 1685 ex
783 1622 914 1705 antiquo
937 1620 1044 1705 aliquo
1067 1630 1217 1704 auctore,
1245 1640 1340 1705 quem

230 1747 270 1792 eo
294 1731 400 1793 minus
423 1726 622 1791 intercedam
646 1727 722 1811 quin
734 1723 925 1788 Suetonium
938 1723 1049 1807 luisse,
1074 1732 1224 1807 utsupra
1240 1726 1340 1787 moni·

225 1843 294 1897 tum
317 1843 378 1916 est,
401 1844 563 1916 putemus,
589 1850 653 1915 quo
676 1831 782 1896 minus
806 1851 885 1896 casu
907 1831 1027 1894 factum
1048 1851 1122 1893 esse
1137 1849 1338 1915 censeamuS,

225 1936 313 2022 quod
335 1933 457 2020 Probo,
488 1937 530 1999 ad
553 1954 647 2019 quem
671 1955 756 1999 nunc
779 1935 955 2019 pergimus,
985 1934 1146 1997 recentior
1168 1932 1340 1998 adnotator

221 2041 256 2105 in
278 2039 449 2105 Anecdoto
473 2047 743 2104 commemoratur
764 2038 884 2104 nullus.

723 2176 751 2259 p.
781 2177 833 2242 aa.

460 2306 515 2363 De
536 2303 689 2363 Valerio
712 2304 830 2361 Probo
860 2303 1093 2362 adnotatore.

307 2422 560 2489 Grammaticum
582 2422 669 2486 hunc
691 2421 822 2488 saeculo
847 2419 1028 2485 Christiano
1050 2422 1153 2504 primo
1173 2421 1295 2487 clarum
1312 2422 1337 2503 ¹)

218 2522 376 2610 Vergilio,
399 2524 549 2610 Horatio,
582 2525 733 2589 Lucretio
757 2526 905 2590 notandis
927 2545 1065 2591 vacasse
1088 2526 1210 2591 diserte
1239 2536 1337 2591 testa·

216 2640 281 2712 tur,
305 2639 340 2694 ut
362 2630 511 2712 vidimus,
533 2629 739 2694 Anecdotum
750 2629 943 2714 Parisinum,
968 2631 1008 2694 ad
1029 2632 1119 2717 quod
1136 2652 1252 2698 munus
1270 2633 1337 2718 sig·

217 2733 414 2799 nificandum
435 2734 531 2799 simul
553 2735 632 2799 vidit
655 2733 819 2820 Bergkius
842 2734 861 2798 l
884 2735 904 2799 l.
928 2737 1089 2823 pertinere
1117 2756 1201 2821 quac
1222 2736 1337 2822 legun·

217 2849 271 2905 tur
292 2840 379 2925 apud
401 2837 592 2904 Suetonium
615 2839 656 2904 de
683 2839 726 2905 ill.
750 2839 804 2904 Gr.
829 2841 888 2905 24:
926 2836 1120 2926 »multaque
1138 2836 1334 2926 eiemplariu

217 2954 384 3008 contracta
415 2943 587 3008 emendare
616 2964 656 3009 ac
690 2944 889 3030 distinguere
921 2955 953 3009 et
983 2945 1146 3012 adnotare
1176 2947 1334 3028 cursura,

218 3050 260 3115 de
290 3061 360 3116 toto
391 3051 456 3115 hoc
486 3053 714 3137 grammaticae
746 3071 865 3136 genere
897 3051 1006 3116 docte¹
1026 3046 1212 3135 exponens:
1246 3048 1334 3135 quod

216 3154 366 3239 pluribus
388 3157 541 3240 persequi
563 3167 595 3219 et
617 3165 776 3240 repetere,
808 3156 862 3221 vel
891 3158 985 3220 etiam
1016 3176 1121 3221 novae
1144 3157 1334 3221 submittere

216 3278 376 3325 censurae
399 3282 497 3347 quum
520 3262 615 3327 huius
638 3261 701 3326 loci
724 3280 788 3324 non
811 3262 863 3344 sit,
886 3262 989 3345 mitto,
1013 3261 1189 3325 unumboc
1208 3260 1334 3343 adpar-

213 3373 265 3429 tes
283 3384 373 3430 meas
393 3366 556 3448 pertinere
579 3377 681 3449 ratus,
706 3364 793 3450 quod
812 3374 963 3428 versatur
980 3365 1013 3426 in
1032 3374 1191 3445 notarum,
1214 3361 1333 3447 quibus

213 3468 343 3537 Probus
360 3492 440 3536 usus
467 3472 519 3553 sit,
547 3471 769 3555 explicatione.
812 3470 872 3535 Cui
890 3470 1015 3533 muneri
1032 3468 1333 3533 satisfacturo'dnte

214 3577 320 3641 omnia
350 3576 426 3640 mibi
447 3576 643 3640 monendum
667 3585 732 3658 est,
766 3574 911 3638 libellum
935 3575 1100 3657 deuotis,
1133 3574 1187 3658 qui
1213 3569 1331 3636 Valerii

213 3677 313 3745 Probi
327 3683 457 3746 nomine
469 3681 707 3762 circumfertur,
730 3680 807 3744 nibil
827 3680 945 3745 habere
960 3699 1129 3744 commune
1148 3699 1221 3744 cum
1232 3678 1332 3743 Probi

212 3788 379 3851 notatione
401 3808 451 3871 ea,
476 3786 516 3849 de
539 3806 601 3870 qua
625 3787 741 3871 agitur,
766 3786 807 3850 ab
829 3785 890 3849 hac
913 3787 982 3849 sive
1005 3793 1239 3870 argumentum,
1261 3784 1332 3847 sive

213 3889 411 3973 singularum
424 3892 628 3955 materiarum
641 3890 742 3954 multo
756 3891 938 3954 recentiora
950 3899 1095 3971 tempora
1107 3887 1330 3974 attingentium

212 3992 370 4056 rationem
394 4005 535 4078 spectes,
559 3996 672 4079 utiquc
691 3991 847 4056 alienum:
871 4012 976 4075 neque
995 3990 1105 4054 adbuc·
1118 3990 1189 4054 eius
1202 3997 1332 4054 senten·

213 4095 277 4159 tiae
300 4097 413 4182 piguit,
439 4117 535 4182 quam
560 4098 635 4162 olim
659 4097 815 4181 proposui
832 4095 945 4181 Symb.
967 4094 1025 4159 litt.
1048 4093 1068 4156 l.
1087 4093 1108 4156 1.
1131 4113 1165 4176 p.
1179 4093 1328 4175 liusq,

212 4198 322 4265 fiotum
346 4203 476 4266 omnino
501 4224 577 4270 esse
600 4203 721 4270 Valerii
744 4201 845 4268 Probi
867 4221 996 4287 nomen,
1018 4219 1117 4286 quum
1137 4198 1330 4283 praesertim

214 4316 500 4331 β--ι-ι--ι--η

268 4358 296 4422 1)
315 4352 348 4408 V.
365 4355 451 4418 Bcitr.
467 4373 493 4412 a.
513 4356 561 4415 (ir.
581 4373 607 4415 u.
626 4355 707 4416 Rom.
724 4359 789 4411 Litt.
808 4355 839 4415 Τ.
858 4356 892 4416 ΙΙ.
911 4375 937 4431 p.
959 4357 1020 4416 168.
1033 4373 1074 4429 sq.
