2902 4822
747 443 826 520 214

228 645 392 730 Quocirca
413 662 495 728 ego,
518 649 554 705 ut
575 658 674 703 unum
696 636 843 718 afferam,
872 653 937 697 uon
960 634 1112 700 morabor
1133 639 1167 702 in
1188 638 1344 705 rimandis
1424 702 1426 707 .

227 749 331 833 signis
364 747 416 829 iis,
451 765 534 831 quae
557 741 726 808 codicibus
748 733 916 804 sacrorum
947 737 1103 802 librorum
1128 741 1182 805 vel
1206 741 1344 808 Graecis

229 861 262 915 et
283 848 417 930 Latinis,
440 848 468 924 ²)
489 847 542 911 vel
565 845 723 926 Gothicis,
743 844 771 924 ³)
801 841 855 905 vel
878 843 973 905 etiam
996 841 1143 927 Syriacis
1161 847 1190 920 ⁴)
1218 848 1345 928 passim

228 955 357 1038 appicta
379 952 596 1035 reperiuntur,
620 968 661 1012 ex
675 946 874 1010 Graecorum
897 945 1025 1028 quidem
1046 966 1112 1010 usu
1130 957 1344 1032 transumpta,

143 1056 146 1063 ’
227 1053 288 1122 sed
309 1056 401 1119 vario
431 1053 528 1117 modo
551 1060 683 1116 mutata.
728 1048 911 1112 Consistam
940 1050 1035 1113 unice
1062 1050 1095 1111 in
1117 1049 1345 1132 perlustranda

230 1178 328 1242 opera
351 1176 462 1220 eorum
487 1156 542 1240 qni
564 1152 742 1218 Aristarchi
763 1152 865 1214 instar
886 1153 918 1214 in
941 1153 1151 1217 recensendis
1174 1152 1265 1220 libris
1288 1175 1345 1219 ve·

196 1256 198 1260 ⁴
224 1263 308 1325 teris
342 1260 524 1324 testamenti
556 1259 659 1341 signis
691 1258 812 1320 criticis
841 1257 893 1320 usi
927 1265 1018 1320 sunt:
1042 1275 1191 1340 quorum
1224 1276 1346 1340 agmen
1407 1312 1412 1319 .

228 1363 363 1428 duxisse
385 1362 527 1427 omnium
550 1380 714 1424 consensu
741 1360 942 1423 existimatur
972 1359 1130 1444 Origenes
1153 1358 1345 1424 Alexandri·

229 1486 303 1550 nus,
328 1466 369 1530 de
391 1463 589 1529 emendanda
613 1472 646 1526 et
668 1461 891 1527 conservanda
914 1482 1008 1525 sacra
1025 1465 1186 1546 scripturn
1210 1465 1345 1549 egregie

230 1556 315 1640 nnus
337 1571 370 1632 in
391 1569 506 1653 paucis
529 1568 672 1648 meritus,
697 1568 752 1649 qui
774 1565 961 1648 disciplinae
979 1567 1112 1648 patriae,
1136 1586 1178 1629 ex
1195 1587 1258 1652 qua
1272 1569 1345 1652 ipsc

231 1674 399 1762 proiectus
428 1671 497 1752 fuit,
521 1669 704 1751 praeceptis
730 1669 886 1750 imbutus,
918 1689 1017 1753 quum
1039 1671 1072 1734 in
1093 1668 1260 1752 hexaplari
1280 1691 1344 1737 sno

229 1776 403 1841 bibliorum
425 1792 526 1856 opere
547 1772 749 1856 singulorum
771 1771 917 1836 locorum
929 1775 1089 1838 versionis
1106 1770 1125 1838 a
1142 1773 1235 1838 LXX
1245 1775 1344 1839 inter·

229 1879 379 1965 precibus
396 1876 564 1940 coniectae
582 1877 806 1939 auctoritatem
826 1879 1021 1959 examinare,
1044 1898 1118 1941 cum
1131 1878 1344 1962 subsequutis

231 1979 561 2064 interpretationibus,
584 1980 775 2061 pracsertim
796 1980 945 2064 Aquilae,
969 1978 1164 2065 Symmachi,
1193 1980 1345 2045 Theodo-

231 2084 340 2167 tionis,
363 2081 560 2147 contendere
591 2081 890 2166 discrepantiasque
923 2083 1092 2168 diligenter
1114 2093 1228 2147 notare
1250 2085 1284 2146 in
1306 2104 1344 2149 se

232 2196 387 2269 sumeret,
410 2185 541 2249 notandi
564 2184 597 2247 id
621 2205 725 2269 genus
752 2185 890 2249 adscivit
913 2187 1001 2269 quod
1031 2187 1154 2270 pridem
1178 2188 1345 2273 excogita·

231 2300 300 2354 tum
323 2308 450 2372 usuque
473 2289 563 2352 vario
593 2288 839 2369 comprobatum
863 2300 1054 2374 cognosset,
1090 2288 1344 2354 Alexandrinum

231 2393 309 2459 illud
324 2392 494 2477 magnifico
513 2392 702 2474 praesertim
718 2390 897 2455 Aristarchi
918 2395 1045 2458 nomine
1066 2392 1344 2457 concelebratum:

233 2495 322 2581 qnod
339 2496 508 2577 proposito
526 2493 655 2578 quidem
677 2512 739 2557 suo
760 2495 802 2556 ita
823 2496 1133 2560 accommodandum
1150 2497 1287 2576 censuit,
1309 2508 1346 2560 ut

233 2601 400 2684 signorum
414 2596 616 2681 quorundam
630 2598 805 2681 antiquitus
817 2599 1017 2683 traditorum,
1041 2601 1188 2664 asterisci
1200 2608 1233 2663 et
1245 2588 1344 2680 obeli,

232 2700 384 2784 obelique
406 2701 673 2783 circumpunctati
696 2707 741 2775 (u.
765 2709 794 2775 3.
808 2703 864 2776 21)
886 2712 1067 2785 potestates
1087 2723 1147 2788 pro
1164 2703 1346 2786 argumenti

232 2804 357 2875 ratione
379 2814 601 2887 commutaret,
625 2805 822 2889 insuperque
844 2804 906 2869 alia
918 2808 1110 2890 susciperet,
1134 2805 1248 2892 quales
1269 2815 1346 2870 sunt

114 2978 121 2987 ῃ
232 2907 408 2973 lcmniseus
431 2916 463 2970 et
484 2895 760 2991 hypolemniscus‚
785 2909 901 2994 quibus
924 2930 965 2972 an
986 2920 1061 2974 ante
1079 2928 1154 2973 enm
1173 2909 1344 2993 qnisquam

115 3067 117 3071 ,
231 3032 313 3077 usus
335 3012 388 3093 sit,
419 3011 607 3094 ignoramus
639 2998 758 3093 pariter
779 3022 877 3096 atque
908 3024 982 3077 ante
1005 3013 1171 3098 originem
1193 3030 1235 3075 an
1257 3011 1345 3096 quis·

233 3135 329 3200 quam
361 3114 497 3179 similem
520 3134 631 3179 curam
659 3115 692 3177 in
725 3115 874 3179 notandis
904 3116 993 3180 libris
1025 3119 1126 3182 saeris
1154 3113 1344 3179 adhibuerit.

177 3244 179 3248 ’
232 3215 320 3281 lilius
342 3236 421 3305 vero
445 3200 627 3301 exemplum
649 3226 682 3280 et
707 3219 930 3282 auctoritatem
952 3221 1075 3302 imitati,
1098 3218 1151 3285 aiii
1172 3225 1249 3301 post
1269 3234 1344 3280 enm

233 3319 368 3400 eandem
392 3337 525 3402 operam
548 3329 715 3401 praestare
737 3310 974 3405 sustinuerunt,
1007 3324 1062 3406 qni
1093 3320 1264 3406 vulgandis
1287 3318 1345 3384 ali·

233 3432 312 3509 quot
333 3421 424 3486 libris
447 3423 550 3486 sacris
573 3432 740 3507 vacarunt,
764 3443 829 3487 non
851 3424 884 3487 id
907 3426 1036 3509 quidem
1059 3433 1208 3510 agentes,
1230 3434 1268 3487 ut
1287 3442 1345 3488 no·

231 3526 320 3592 tandi
340 3527 497 3614 rationem
519 3526 558 3590 ab
573 3526 714 3613 Origene
736 3528 898 3591 inventam
914 3528 1071 3614 integram
1093 3536 1344 3611 transumererrt,

283 3767 313 3832 2)
332 3762 365 3816 V.
390 3759 483 3833 llettig
506 3763 540 3816 nd
564 3763 631 3818 Cod.
656 3763 867 3832 Sangallensem
896 3763 1107 3834 Evangeliornm
1131 3786 1159 3840 p.
1182 3767 1254 3822 xil.
1302 3765 1344 3819 De

334 3850 481 3918 antisigma
506 3850 705 3926 neprcorqpivq,
732 3851 805 3922 quod
831 3852 858 3904 in
885 3849 939 3905 hoc
967 3851 1064 3916 codice
1090 3854 1178 3909 editor
1201 3853 1344 3908 invenisse

240 3956 242 3960 ·
278 4011 280 4015 y
334 3935 388 3989 sibi
405 3935 483 3994 visus
502 3943 553 4002 est,
573 3936 673 3989 dictum
691 3941 717 3998 ς.
738 3939 780 3988 46.

284 4058 314 4124 8)
332 4053 367 4108 V.
385 4053 511 4127 Ulphilae
528 4058 685 4112 versionem
700 4055 844 4140 Gothicam
862 4061 1055 4114 nonnullorum
1070 4062 1187 4133 capitum
1202 4044 1343 4134 Epistulae

295 4171 297 4177 ·
335 4143 415 4197 Pauli
433 4142 467 4197 ad
485 4142 624 4200 Romanos
641 4145 685 4202 ed.
704 4164 720 4200 a
738 4146 835 4202 Franc.
855 4147 967 4215 Knittel,
986 4147 1196 4231 Guclpherhyti.

285 4267 315 4333 4)
332 4264 367 4322 V.
384 4262 539 4320 Hoffmanni
557 4264 676 4322 Gramm.
693 4266 802 4343 Syriae.
820 4286 848 4342 p.
868 4272 927 4325 121.
