<?xml version="1.0" encoding="UTF-8"?>
<!DOCTYPE html PUBLIC "-//W3C//DTD XHTML 1.0 Transitional//EN"
    "http://www.w3.org/TR/xhtml1/DTD/xhtml1-transitional.dtd">
<html xmlns="http://www.w3.org/1999/xhtml" xml:lang="en" lang="en">
 <head>
  <title>
</title>
<meta http-equiv="Content-Type" content="text/html;charset=utf-8" />
  <meta name='ocr-system' content='tesseract 3.04.00' />
  <meta name='ocr-capabilities' content='ocr_page ocr_carea ocr_par ocr_line ocrx_word'/>
</head>
<body>
  <div class='ocr_page' id='page_1' title='image "./anecdotumromanu00osangoog_0219.png"; bbox 0 0 2902 4822; ppageno 0'>
   <div class='ocr_carea' id='block_1_1' title="bbox 677 437 755 515">
    <p class='ocr_par' dir='ltr' id='par_1_1' title="bbox 677 437 755 515">
     <span class='ocr_line' id='line_1_1' title="bbox 677 437 755 515; baseline 0 0"><span class='ocrx_word' id='word_1_1' title='bbox 677 437 755 515; x_wconf 66' lang='lat' dir='ltr'>wi</span> 
     </span>
    </p>
   </div>
   <div class='ocr_carea' id='block_1_2' title="bbox 160 626 1272 1339">
    <p class='ocr_par' dir='ltr' id='par_1_2' title="bbox 160 626 1272 1339">
     <span class='ocr_line' id='line_1_2' title="bbox 160 626 1270 719; baseline -0.007 -20"><span class='ocrx_word' id='word_1_2' title='bbox 160 636 257 699; x_wconf 93' lang='lat' dir='ltr'>modo</span> <span class='ocrx_word' id='word_1_3' title='bbox 280 633 469 719; x_wconf 82' lang='lat' dir='ltr'>Thucydidi,</span> <span class='ocrx_word' id='word_1_4' title='bbox 494 636 613 718; x_wconf 80' lang='lat' dir='ltr'><strong>quippe</strong></span> <span class='ocrx_word' id='word_1_5' title='bbox 636 645 669 698; x_wconf 91' lang='lat' dir='ltr'>et</span> <span class='ocrx_word' id='word_1_6' title='bbox 699 635 761 717; x_wconf 90' lang='lat' dir='ltr'>ipsi</span> <span class='ocrx_word' id='word_1_7' title='bbox 796 631 1028 695; x_wconf 82' lang='lat' dir='ltr'>rhetoricarum</span> <span class='ocrx_word' id='word_1_8' title='bbox 1061 626 1270 693; x_wconf 82' lang='lat' dir='ltr'>formularum</span> 
     </span>
     <span class='ocr_line' id='line_1_3' title="bbox 161 727 1271 822; baseline -0.011 -19"><span class='ocrx_word' id='word_1_9' title='bbox 161 737 308 803; x_wconf 90' lang='lat' dir='ltr'>studioso</span> <span class='ocrx_word' id='word_1_10' title='bbox 325 737 517 821; x_wconf 84' lang='lat' dir='ltr'>Prodicique</span> <span class='ocrx_word' id='word_1_11' title='bbox 540 739 705 822; x_wconf 77' lang='lat' dir='ltr'>sophistae</span> <span class='ocrx_word' id='word_1_12' title='bbox 728 735 870 820; x_wconf 77' lang='lat' dir='ltr'>inprimis</span> <span class='ocrx_word' id='word_1_13' title='bbox 892 731 1043 794; x_wconf 76' lang='lat' dir='ltr'>imitatori</span> <span class='ocrx_word' id='word_1_14' title='bbox 1062 736 1108 817; x_wconf 80' lang='grc' dir='ltr'>(ν.</span> <span class='ocrx_word' id='word_1_15' title='bbox 1126 727 1271 815; x_wconf 75' lang='lat' dir='ltr'>Spengel</span> 
     </span>
     <span class='ocr_line' id='line_1_4' title="bbox 160 832 1271 925; baseline -0.006 -21"><span class='ocrx_word' id='word_1_16' title='bbox 160 841 231 904; x_wconf 85' lang='lat' dir='ltr'>Art.</span> <span class='ocrx_word' id='word_1_17' title='bbox 254 842 366 923; x_wconf 79' lang='lat' dir='ltr'>script.</span> <span class='ocrx_word' id='word_1_18' title='bbox 389 863 420 925; x_wconf 88' lang='lat' dir='ltr'>p.</span> <span class='ocrx_word' id='word_1_19' title='bbox 445 842 496 906; x_wconf 85' lang='lat'>53.</span> <span class='ocrx_word' id='word_1_20' title='bbox 520 848 596 924; x_wconf 73' lang='lat' dir='ltr'>sip),</span> <span class='ocrx_word' id='word_1_21' title='bbox 620 861 751 925; x_wconf 84' lang='lat' dir='ltr'>operam</span> <span class='ocrx_word' id='word_1_22' title='bbox 774 837 930 915; x_wconf 92' lang='lat' dir='ltr'>dederint,</span> <span class='ocrx_word' id='word_1_23' title='bbox 963 843 1093 916; x_wconf 87' lang='lat' dir='ltr'>praeter</span> <span class='ocrx_word' id='word_1_24' title='bbox 1122 832 1271 897; x_wconf 75' lang='lat' dir='ltr'>laudatos</span> 
     </span>
     <span class='ocr_line' id='line_1_5' title="bbox 162 932 1272 1032; baseline -0.006 -25"><span class='ocrx_word' id='word_1_25' title='bbox 162 943 309 1007; x_wconf 87' lang='lat' dir='ltr'>novimus</span> <span class='ocrx_word' id='word_1_26' title='bbox 332 942 499 1026; x_wconf 88' lang='lat' dir='ltr'>Sabinum,</span> <span class='ocrx_word' id='word_1_27' title='bbox 522 944 716 1028; x_wconf 81' lang='lat' dir='ltr'>Euagoram,</span> <span class='ocrx_word' id='word_1_28' title='bbox 740 944 793 1027; x_wconf 89' lang='lat' dir='ltr'>qui</span> <span class='ocrx_word' id='word_1_29' title='bbox 816 951 900 1004; x_wconf 86' lang='lat' dir='ltr'>teste</span> <span class='ocrx_word' id='word_1_30' title='bbox 911 936 1011 1032; x_wconf 88' lang='lat' dir='ltr'>Suida</span> <span class='ocrx_word' id='word_1_31' title='bbox 1027 933 1175 1020; x_wconf 62' lang='lat' dir='ltr'>septem</span> <span class='ocrx_word' id='word_1_32' title='bbox 1190 932 1272 1021; x_wconf 73' lang='lat' dir='ltr'>tuph</span> 
     </span>
     <span class='ocr_line' id='line_1_6' title="bbox 162 1028 1271 1133; baseline -0.007 -23"><span class='ocrx_word' id='word_1_33' title='bbox 162 1047 331 1132; x_wconf 72' lang='grc' dir='ltr'>Θουκυδίδῃ</span> <span class='ocrx_word' id='word_1_34' title='bbox 354 1045 539 1131; x_wconf 75' lang='grc' dir='ltr'>ζητουμένων</span> <span class='ocrx_word' id='word_1_35' title='bbox 562 1047 638 1113; x_wconf 83' lang='grc' dir='ltr'><strong>κατὰ</strong></span> <span class='ocrx_word' id='word_1_36' title='bbox 659 1044 734 1121; x_wconf 75' lang='grc' dir='ltr'>λέξιν</span> <span class='ocrx_word' id='word_1_37' title='bbox 757 1056 789 1110; x_wconf 90' lang='lat' dir='ltr'>et</span> <span class='ocrx_word' id='word_1_38' title='bbox 818 1041 1001 1108; x_wconf 83' lang='grc' dir='ltr'>Θουκυδίδου</span> <span class='ocrx_word' id='word_1_39' title='bbox 1022 1028 1134 1133; x_wconf 24' lang='grc' dir='ltr'>’τέχνην-</span> <span class='ocrx_word' id='word_1_40' title='bbox 1149 1034 1271 1125; x_wconf 62' lang='lat' dir='ltr'>§propr-</span> 
     </span>
     <span class='ocr_line' id='line_1_7' title="bbox 161 1134 1272 1235; baseline -0.005 -23"><span class='ocrx_word' id='word_1_41' title='bbox 161 1149 215 1232; x_wconf 78' lang='grc' dir='ltr'>κήν</span> <span class='ocrx_word' id='word_1_42' title='bbox 239 1146 268 1212; x_wconf 76' lang='grc' dir='ltr'>ἐν</span> <span class='ocrx_word' id='word_1_43' title='bbox 297 1150 420 1229; x_wconf 84' lang='grc' dir='ltr'>βιβλίοις</span> <span class='ocrx_word' id='word_1_44' title='bbox 449 1148 464 1214; x_wconf 82' lang='grc' dir='ltr'>έ</span> <span class='ocrx_word' id='word_1_45' title='bbox 497 1154 644 1235; x_wconf 73' lang='lat' dir='ltr'>scripsit,</span> <span class='ocrx_word' id='word_1_46' title='bbox 669 1155 696 1233; x_wconf 83' lang='lat'>⁴)</span> <span class='ocrx_word' id='word_1_47' title='bbox 728 1150 926 1228; x_wconf 87' lang='lat' dir='ltr'>Nunenium,</span> <span class='ocrx_word' id='word_1_48' title='bbox 958 1145 1070 1208; x_wconf 93' lang='lat' dir='ltr'>lulium</span> <span class='ocrx_word' id='word_1_49' title='bbox 1092 1134 1272 1233; x_wconf 72' lang='lat' dir='ltr'>Vestinum</span> 
     </span>
     <span class='ocr_line' id='line_1_8' title="bbox 164 1246 1210 1339; baseline 0.003 -26"><span class='ocrx_word' id='word_1_50' title='bbox 164 1250 202 1318; x_wconf 81' lang='lat' dir='ltr'>V.</span> <span class='ocrx_word' id='word_1_51' title='bbox 226 1250 339 1336; x_wconf 88' lang='lat' dir='ltr'>Poppo</span> <span class='ocrx_word' id='word_1_52' title='bbox 361 1252 397 1319; x_wconf 83' lang='lat' dir='ltr'>P.</span> <span class='ocrx_word' id='word_1_53' title='bbox 418 1253 455 1320; x_wconf 85' lang='lat' dir='ltr'>tl.</span> <span class='ocrx_word' id='word_1_54' title='bbox 480 1253 552 1320; x_wconf 92' lang='lat' dir='ltr'>Vol.</span> <span class='ocrx_word' id='word_1_55' title='bbox 576 1255 597 1319; x_wconf 92' lang='grc' dir='ltr'>Ι.</span> <span class='ocrx_word' id='word_1_56' title='bbox 622 1277 652 1339; x_wconf 95' lang='lat' dir='ltr'>p.</span> <span class='ocrx_word' id='word_1_57' title='bbox 676 1257 726 1320; x_wconf 85' lang='grc'>67.</span> <span class='ocrx_word' id='word_1_58' title='bbox 1206 1246 1210 1252; x_wconf 64' lang='grc'>’</span> 
     </span>
    </p>
   </div>
   <div class='ocr_carea' id='block_1_3' title="bbox 455 1412 975 1611">
    <p class='ocr_par' dir='ltr' id='par_1_3' title="bbox 455 1412 975 1611">
     <span class='ocr_line' id='line_1_9' title="bbox 660 1412 771 1495; baseline -0.009 -19"><span class='ocrx_word' id='word_1_59' title='bbox 660 1412 687 1495; x_wconf 79' lang='lat'>§.</span> <span class='ocrx_word' id='word_1_60' title='bbox 719 1413 771 1475; x_wconf 84' lang='lat'>67.</span> 
     </span>
     <span class='ocr_line' id='line_1_10' title="bbox 455 1530 975 1611; baseline -0.002 -15"><span class='ocrx_word' id='word_1_61' title='bbox 455 1540 506 1596; x_wconf 87' lang='lat' dir='ltr'>De</span> <span class='ocrx_word' id='word_1_62' title='bbox 541 1539 797 1611; x_wconf 84' lang='lat' dir='ltr'>Xenophonte</span> <span class='ocrx_word' id='word_1_63' title='bbox 831 1530 975 1595; x_wconf 76' lang='lat' dir='ltr'>notato.</span> 
     </span>
    </p>
   </div>
   <div class='ocr_carea' id='block_1_4' title="bbox 162 1644 1273 2272">
    <p class='ocr_par' dir='ltr' id='par_1_4' title="bbox 162 1644 1273 2272">
     <span class='ocr_line' id='line_1_11' title="bbox 248 1644 1271 1753; baseline 0.001 -21"><span class='ocrx_word' id='word_1_64' title='bbox 248 1667 495 1752; x_wconf 83' lang='lat' dir='ltr'>Xenophontem</span> <span class='ocrx_word' id='word_1_65' title='bbox 529 1670 699 1737; x_wconf 83' lang='lat' dir='ltr'>Reinesius</span> <span class='ocrx_word' id='word_1_66' title='bbox 733 1674 764 1734; x_wconf 92' lang='lat' dir='ltr'>in</span> <span class='ocrx_word' id='word_1_67' title='bbox 797 1688 930 1736; x_wconf 89' lang='lat' dir='ltr'>numero</span> <span class='ocrx_word' id='word_1_68' title='bbox 964 1670 1159 1753; x_wconf 87' lang='lat' dir='ltr'>scriptorum</span> <span class='ocrx_word' id='word_1_69' title='bbox 1183 1644 1271 1733; x_wconf 49' lang='lat' dir='ltr'>nota-⁵</span> 
     </span>
     <span class='ocr_line' id='line_1_12' title="bbox 162 1770 1270 1863; baseline 0.003 -31"><span class='ocrx_word' id='word_1_70' title='bbox 162 1780 268 1834; x_wconf 89' lang='lat' dir='ltr'>torum</span> <span class='ocrx_word' id='word_1_71' title='bbox 299 1792 492 1856; x_wconf 82' lang='lat' dir='ltr'>recensens,</span> <span class='ocrx_word' id='word_1_72' title='bbox 527 1775 604 1859; x_wconf 85' lang='lat' dir='ltr'>quid</span> <span class='ocrx_word' id='word_1_73' title='bbox 637 1777 668 1838; x_wconf 92' lang='lat' dir='ltr'>in</span> <span class='ocrx_word' id='word_1_74' title='bbox 692 1786 797 1840; x_wconf 88' lang='lat' dir='ltr'>mente</span> <span class='ocrx_word' id='word_1_75' title='bbox 830 1773 998 1856; x_wconf 88' lang='lat' dir='ltr'>habuerit,</span> <span class='ocrx_word' id='word_1_76' title='bbox 1033 1770 1270 1863; x_wconf 75' lang='lat' dir='ltr'>quoscodicen</span> 
     </span>
     <span class='ocr_line' id='line_1_13' title="bbox 162 1872 1271 1963; baseline 0.004 -28"><span class='ocrx_word' id='word_1_77' title='bbox 162 1873 215 1936; x_wconf 87' lang='lat' dir='ltr'>vel</span> <span class='ocrx_word' id='word_1_78' title='bbox 237 1886 384 1939; x_wconf 89' lang='lat' dir='ltr'>veterum</span> <span class='ocrx_word' id='word_1_79' title='bbox 407 1880 586 1942; x_wconf 90' lang='lat' dir='ltr'>testimonia</span> <span class='ocrx_word' id='word_1_80' title='bbox 609 1881 773 1962; x_wconf 89' lang='lat' dir='ltr'>spectarit,</span> <span class='ocrx_word' id='word_1_81' title='bbox 797 1899 849 1942; x_wconf 88' lang='lat' dir='ltr'>me</span> <span class='ocrx_word' id='word_1_82' title='bbox 872 1878 965 1963; x_wconf 58' lang='lat' dir='ltr'>sugit,</span> <span class='ocrx_word' id='word_1_83' title='bbox 1005 1874 1064 1940; x_wconf 90' lang='lat' dir='ltr'>Vel</span> <span class='ocrx_word' id='word_1_84' title='bbox 1087 1875 1159 1939; x_wconf 88' lang='lat' dir='ltr'>sine</span> <span class='ocrx_word' id='word_1_85' title='bbox 1181 1872 1271 1939; x_wconf 79' lang='lat' dir='ltr'>teati-</span> 
     </span>
     <span class='ocr_line' id='line_1_14' title="bbox 163 1978 1272 2073; baseline 0.004 -34"><span class='ocrx_word' id='word_1_86' title='bbox 163 1978 276 2042; x_wconf 91' lang='lat' dir='ltr'>moniis</span> <span class='ocrx_word' id='word_1_87' title='bbox 296 1979 449 2045; x_wconf 84' lang='lat' dir='ltr'>credibile</span> <span class='ocrx_word' id='word_1_88' title='bbox 466 1991 527 2064; x_wconf 86' lang='lat' dir='ltr'>cst,</span> <span class='ocrx_word' id='word_1_89' title='bbox 550 1982 775 2073; x_wconf 77' lang='lat' dir='ltr'>Xenophontis</span> <span class='ocrx_word' id='word_1_90' title='bbox 795 1982 925 2064; x_wconf 92' lang='lat' dir='ltr'>scriptis</span> <span class='ocrx_word' id='word_1_91' title='bbox 945 1979 1031 2045; x_wconf 93' lang='lat' dir='ltr'>hand</span> <span class='ocrx_word' id='word_1_92' title='bbox 1049 1978 1146 2063; x_wconf 84' lang='lat' dir='ltr'>plane¹</span> <span class='ocrx_word' id='word_1_93' title='bbox 1159 1996 1272 2061; x_wconf 80' lang='lat' dir='ltr'>curam</span> 
     </span>
     <span class='ocr_line' id='line_1_15' title="bbox 162 2082 1273 2169; baseline 0.003 -27"><span class='ocrx_word' id='word_1_94' title='bbox 162 2091 307 2145; x_wconf 91' lang='lat' dir='ltr'>veterum</span> <span class='ocrx_word' id='word_1_95' title='bbox 329 2083 467 2168; x_wconf 86' lang='lat' dir='ltr'>aliquam</span> <span class='ocrx_word' id='word_1_96' title='bbox 489 2087 633 2149; x_wconf 87' lang='lat' dir='ltr'>criticam</span> <span class='ocrx_word' id='word_1_97' title='bbox 656 2085 808 2167; x_wconf 85' lang='lat' dir='ltr'>defuisse,</span> <span class='ocrx_word' id='word_1_98' title='bbox 832 2084 988 2169; x_wconf 84' lang='lat' dir='ltr'>siquidem</span> <span class='ocrx_word' id='word_1_99' title='bbox 1015 2082 1169 2146; x_wconf 89' lang='lat' dir='ltr'>memoria</span> <span class='ocrx_word' id='word_1_100' title='bbox 1198 2098 1273 2163; x_wconf 92' lang='lat' dir='ltr'>pro·</span> 
     </span>
     <span class='ocr_line' id='line_1_16' title="bbox 163 2176 1273 2272; baseline 0.005 -27"><span class='ocrx_word' id='word_1_101' title='bbox 163 2183 261 2248; x_wconf 91' lang='lat' dir='ltr'>ditum</span> <span class='ocrx_word' id='word_1_102' title='bbox 285 2198 346 2269; x_wconf 90' lang='lat' dir='ltr'>est,</span> <span class='ocrx_word' id='word_1_103' title='bbox 370 2191 617 2252; x_wconf 88' lang='lat' dir='ltr'>commentarios</span> <span class='ocrx_word' id='word_1_104' title='bbox 640 2189 877 2270; x_wconf 89' lang='lat' dir='ltr'>nonnullorum,</span> <span class='ocrx_word' id='word_1_105' title='bbox 901 2207 983 2272; x_wconf 86' lang='lat' dir='ltr'>quos</span> <span class='ocrx_word' id='word_1_106' title='bbox 1011 2194 1140 2250; x_wconf 86' lang='lat' dir='ltr'>enarrat</span> <span class='ocrx_word' id='word_1_107' title='bbox 1160 2176 1273 2251; x_wconf 59' lang='lat' dir='ltr'>Faht&#39;iss</span> 
     </span>
    </p>
   </div>
   <div class='ocr_carea' id='block_1_5' title="bbox 162 2287 1272 2379">
    <p class='ocr_par' dir='ltr' id='par_1_5' title="bbox 162 2287 1272 2379">
     <span class='ocr_line' id='line_1_17' title="bbox 162 2287 1272 2379; baseline 0.005 -29"><span class='ocrx_word' id='word_1_108' title='bbox 162 2288 232 2351; x_wconf 90' lang='lat' dir='ltr'>cius</span> <span class='ocrx_word' id='word_1_109' title='bbox 254 2287 336 2353; x_wconf 91' lang='lat' dir='ltr'>Bibl.</span> <span class='ocrx_word' id='word_1_110' title='bbox 361 2289 417 2353; x_wconf 89' lang='lat' dir='ltr'>Gr.</span> <span class='ocrx_word' id='word_1_111' title='bbox 440 2291 476 2354; x_wconf 84' lang='lat' dir='ltr'>T.</span> <span class='ocrx_word' id='word_1_112' title='bbox 499 2291 550 2355; x_wconf 87' lang='lat' dir='ltr'>lll.</span> <span class='ocrx_word' id='word_1_113' title='bbox 574 2314 604 2375; x_wconf 82' lang='lat' dir='ltr'>p.</span> <span class='ocrx_word' id='word_1_114' title='bbox 623 2294 672 2356; x_wconf 82' lang='lat'>19.</span> <span class='ocrx_word' id='word_1_115' title='bbox 697 2291 783 2357; x_wconf 87' lang='lat' dir='ltr'>Harl.</span> <span class='ocrx_word' id='word_1_116' title='bbox 808 2293 893 2358; x_wconf 85' lang='lat' dir='ltr'>olim.</span> <span class='ocrx_word' id='word_1_117' title='bbox 917 2292 1089 2357; x_wconf 81' lang='lat' dir='ltr'>exstitisse.</span> <span class='ocrx_word' id='word_1_118' title='bbox 1126 2287 1193 2353; x_wconf 83' lang='lat' dir='ltr'>Sed</span> <span class='ocrx_word' id='word_1_119' title='bbox 1216 2288 1272 2379; x_wconf 73' lang='grc' dir='ltr'>δυ·</span> 
     </span>
    </p>
   </div>
   <div class='ocr_carea' id='block_1_6' title="bbox 164 2391 1272 3205">
    <p class='ocr_par' dir='ltr' id='par_1_6' title="bbox 164 2391 1272 3205">
     <span class='ocr_line' id='line_1_18' title="bbox 164 2391 1272 2485; baseline 0.004 -32"><span class='ocrx_word' id='word_1_120' title='bbox 164 2411 235 2454; x_wconf 89' lang='lat' dir='ltr'>rum</span> <span class='ocrx_word' id='word_1_121' title='bbox 258 2391 300 2455; x_wconf 92' lang='lat' dir='ltr'>de</span> <span class='ocrx_word' id='word_1_122' title='bbox 322 2407 511 2480; x_wconf 79' lang='lat' dir='ltr'>argumento</span> <span class='ocrx_word' id='word_1_123' title='bbox 535 2418 575 2460; x_wconf 89' lang='lat' dir='ltr'>ne</span> <span class='ocrx_word' id='word_1_124' title='bbox 598 2395 730 2460; x_wconf 85' lang='lat' dir='ltr'>verbum</span> <span class='ocrx_word' id='word_1_125' title='bbox 760 2397 886 2481; x_wconf 88' lang='lat' dir='ltr'>quidem</span> <span class='ocrx_word' id='word_1_126' title='bbox 906 2403 1043 2485; x_wconf 84' lang='lat' dir='ltr'>constat,</span> <span class='ocrx_word' id='word_1_127' title='bbox 1067 2401 1097 2456; x_wconf 92' lang='lat' dir='ltr'>et</span> <span class='ocrx_word' id='word_1_128' title='bbox 1118 2393 1147 2457; x_wconf 90' lang='lat' dir='ltr'>si</span> <span class='ocrx_word' id='word_1_129' title='bbox 1164 2401 1272 2473; x_wconf 75' lang='lat' dir='ltr'>tamen</span> 
     </span>
     <span class='ocr_line' id='line_1_19' title="bbox 164 2494 1272 2583; baseline 0.002 -25"><span class='ocrx_word' id='word_1_130' title='bbox 164 2494 283 2578; x_wconf 86' lang='lat' dir='ltr'>aliquid</span> <span class='ocrx_word' id='word_1_131' title='bbox 318 2499 564 2564; x_wconf 85' lang='lat' dir='ltr'>coniectandum</span> <span class='ocrx_word' id='word_1_132' title='bbox 595 2512 658 2582; x_wconf 88' lang='lat' dir='ltr'>est,</span> <span class='ocrx_word' id='word_1_133' title='bbox 691 2511 824 2583; x_wconf 90' lang='lat' dir='ltr'>apparet</span> <span class='ocrx_word' id='word_1_134' title='bbox 857 2519 914 2563; x_wconf 88' lang='lat' dir='ltr'>eos</span> <span class='ocrx_word' id='word_1_135' title='bbox 946 2498 1006 2569; x_wconf 82' lang='lat' dir='ltr'>alia</span> <span class='ocrx_word' id='word_1_136' title='bbox 1039 2497 1146 2572; x_wconf 88' lang='lat' dir='ltr'>omnia</span> <span class='ocrx_word' id='word_1_137' title='bbox 1164 2514 1272 2581; x_wconf 65' lang='lat' dir='ltr'>¹‹pintan›</span> 
     </span>
     <span class='ocr_line' id='line_1_20' title="bbox 165 2598 1271 2688; baseline 0.003 -28"><span class='ocrx_word' id='word_1_138' title='bbox 165 2600 363 2664; x_wconf 87' lang='lat' dir='ltr'>recensionis</span> <span class='ocrx_word' id='word_1_139' title='bbox 383 2602 525 2667; x_wconf 85' lang='lat' dir='ltr'>subsidia</span> <span class='ocrx_word' id='word_1_140' title='bbox 539 2605 753 2668; x_wconf 88' lang='lat' dir='ltr'>continuisse:</span> <span class='ocrx_word' id='word_1_141' title='bbox 778 2602 883 2688; x_wconf 80' lang='lat' dir='ltr'>qualis</span> <span class='ocrx_word' id='word_1_142' title='bbox 898 2612 947 2666; x_wconf 89' lang='lat' dir='ltr'>est</span> <span class='ocrx_word' id='word_1_143' title='bbox 960 2601 1014 2686; x_wconf 84' lang='lat' dir='ltr'>qui</span> <span class='ocrx_word' id='word_1_144' title='bbox 1026 2599 1177 2679; x_wconf 84' lang='lat' dir='ltr'>laudatur</span> <span class='ocrx_word' id='word_1_145' title='bbox 1190 2598 1271 2665; x_wconf 85' lang='lat' dir='ltr'>Lon·</span> 
     </span>
     <span class='ocr_line' id='line_1_21' title="bbox 164 2700 1271 2791; baseline 0.004 -28"><span class='ocrx_word' id='word_1_146' title='bbox 164 2702 230 2786; x_wconf 85' lang='lat' dir='ltr'>gini</span> <span class='ocrx_word' id='word_1_147' title='bbox 251 2700 319 2786; x_wconf 81' lang='grc' dir='ltr'>περὶ</span> <span class='ocrx_word' id='word_1_148' title='bbox 340 2707 529 2787; x_wconf 76' lang='grc' dir='ltr'>Ξενοφῶντος</span> <span class='ocrx_word' id='word_1_149' title='bbox 558 2707 649 2791; x_wconf 91' lang='lat' dir='ltr'>liber,</span> <span class='ocrx_word' id='word_1_150' title='bbox 672 2706 724 2771; x_wconf 87' lang='lat' dir='ltr'>vel</span> <span class='ocrx_word' id='word_1_151' title='bbox 754 2724 789 2771; x_wconf 88' lang='lat' dir='ltr'>ut</span> <span class='ocrx_word' id='word_1_152' title='bbox 811 2715 938 2771; x_wconf 91' lang='lat' dir='ltr'>ceteros</span> <span class='ocrx_word' id='word_1_153' title='bbox 962 2716 1096 2783; x_wconf 85' lang='lat' dir='ltr'>taceam,</span> <span class='ocrx_word' id='word_1_154' title='bbox 1129 2702 1271 2783; x_wconf 81' lang='lat' dir='ltr'>Zenonis</span> 
     </span>
     <span class='ocr_line' id='line_1_22' title="bbox 165 2804 1271 2895; baseline 0.001 -26"><span class='ocrx_word' id='word_1_155' title='bbox 165 2804 258 2869; x_wconf 87' lang='lat' dir='ltr'>Citiei</span> <span class='ocrx_word' id='word_1_156' title='bbox 280 2805 436 2893; x_wconf 81' lang='grc' dir='ltr'>ὑπόμνημα</span> <span class='ocrx_word' id='word_1_157' title='bbox 459 2807 499 2885; x_wconf 83' lang='grc' dir='ltr'>εἰς</span> <span class='ocrx_word' id='word_1_158' title='bbox 532 2814 714 2895; x_wconf 72' lang='grc' dir='ltr'>Ξενοφῶντα.</span> <span class='ocrx_word' id='word_1_159' title='bbox 760 2811 909 2874; x_wconf 84' lang='lat' dir='ltr'>Attamen</span> <span class='ocrx_word' id='word_1_160' title='bbox 939 2806 1105 2872; x_wconf 90' lang='lat' dir='ltr'>indubium</span> <span class='ocrx_word' id='word_1_161' title='bbox 1133 2807 1271 2888; x_wconf 84' lang='lat' dir='ltr'>videtur,</span> 
     </span>
     <span class='ocr_line' id='line_1_23' title="bbox 165 2900 1271 2999; baseline 0.003 -27"><span class='ocrx_word' id='word_1_162' title='bbox 165 2909 294 2974; x_wconf 87' lang='lat' dir='ltr'>diversa</span> <span class='ocrx_word' id='word_1_163' title='bbox 306 2924 476 2978; x_wconf 88' lang='lat' dir='ltr'>contextus</span> <span class='ocrx_word' id='word_1_164' title='bbox 489 2916 683 2999; x_wconf 91' lang='lat' dir='ltr'>exemplaria</span> <span class='ocrx_word' id='word_1_165' title='bbox 695 2915 770 2978; x_wconf 90' lang='lat' dir='ltr'>olim</span> <span class='ocrx_word' id='word_1_166' title='bbox 790 2912 974 2977; x_wconf 89' lang='lat' dir='ltr'>circumlata</span> <span class='ocrx_word' id='word_1_167' title='bbox 987 2900 1079 2976; x_wconf 80' lang='lat' dir='ltr'>esse:</span> <span class='ocrx_word' id='word_1_168' title='bbox 1103 2911 1182 2979; x_wconf 91' lang='lat' dir='ltr'>nihil</span> <span class='ocrx_word' id='word_1_169' title='bbox 1194 2930 1271 2987; x_wconf 84' lang='lat' dir='ltr'>vero</span> 
     </span>
     <span class='ocr_line' id='line_1_24' title="bbox 166 3014 1272 3107; baseline 0.003 -32"><span class='ocrx_word' id='word_1_170' title='bbox 166 3033 271 3098; x_wconf 89' lang='lat' dir='ltr'>neque</span> <span class='ocrx_word' id='word_1_171' title='bbox 283 3015 323 3078; x_wconf 91' lang='lat' dir='ltr'>de</span> <span class='ocrx_word' id='word_1_172' title='bbox 341 3018 528 3082; x_wconf 88' lang='lat' dir='ltr'>auctoribus</span> <span class='ocrx_word' id='word_1_173' title='bbox 543 3039 653 3082; x_wconf 90' lang='lat' dir='ltr'>eorum</span> <span class='ocrx_word' id='word_1_174' title='bbox 665 3039 770 3107; x_wconf 84' lang='lat' dir='ltr'>neque</span> <span class='ocrx_word' id='word_1_175' title='bbox 784 3037 845 3101; x_wconf 87' lang='lat' dir='ltr'>qna</span> <span class='ocrx_word' id='word_1_176' title='bbox 858 3017 982 3079; x_wconf 89' lang='lat' dir='ltr'>ratione</span> <span class='ocrx_word' id='word_1_177' title='bbox 994 3015 1096 3079; x_wconf 90' lang='lat' dir='ltr'>critici</span> <span class='ocrx_word' id='word_1_178' title='bbox 1109 3016 1142 3090; x_wconf 85' lang='lat' dir='ltr'>ip</span> <span class='ocrx_word' id='word_1_179' title='bbox 1154 3014 1272 3079; x_wconf 85' lang='lat' dir='ltr'>consti·</span> 
     </span>
     <span class='ocr_line' id='line_1_25' title="bbox 164 3106 1271 3205; baseline 0.004 -27"><span class='ocrx_word' id='word_1_180' title='bbox 164 3117 283 3180; x_wconf 90' lang='lat' dir='ltr'>tuenda</span> <span class='ocrx_word' id='word_1_181' title='bbox 296 3121 443 3184; x_wconf 74' lang='lat' dir='ltr'>orat-ione</span> <span class='ocrx_word' id='word_1_182' title='bbox 462 3106 579 3186; x_wconf 83' lang='lat' dir='ltr'>versati</span> <span class='ocrx_word' id='word_1_183' title='bbox 598 3125 672 3205; x_wconf 91' lang='lat' dir='ltr'>sint,</span> <span class='ocrx_word' id='word_1_184' title='bbox 697 3121 737 3186; x_wconf 94' lang='lat' dir='ltr'>ad</span> <span class='ocrx_word' id='word_1_185' title='bbox 750 3132 892 3186; x_wconf 88' lang='lat' dir='ltr'>nostram</span> <span class='ocrx_word' id='word_1_186' title='bbox 911 3120 1096 3183; x_wconf 84' lang='lat' dir='ltr'>memoriam</span> <span class='ocrx_word' id='word_1_187' title='bbox 1115 3118 1271 3202; x_wconf 84' lang='lat' dir='ltr'>pervenit</span> 
     </span>
    </p>
   </div>
   <div class='ocr_carea' id='block_1_7' title="bbox 664 3242 767 3316">
    <p class='ocr_par' dir='ltr' id='par_1_7' title="bbox 664 3242 767 3316">
     <span class='ocr_line' id='line_1_26' title="bbox 664 3242 767 3316; baseline -0.019 -10"><span class='ocrx_word' id='word_1_188' title='bbox 664 3250 691 3316; x_wconf 73' lang='grc'>9.</span> <span class='ocrx_word' id='word_1_189' title='bbox 715 3242 767 3306; x_wconf 89' lang='grc'>68.</span> 
     </span>
    </p>
   </div>
   <div class='ocr_carea' id='block_1_8' title="bbox 342 3363 1150 3425">
    <p class='ocr_par' dir='ltr' id='par_1_8' title="bbox 342 3363 1150 3425">
     <span class='ocr_line' id='line_1_27' title="bbox 342 3363 1150 3425; baseline -0.001 -3"><span class='ocrx_word' id='word_1_190' title='bbox 342 3366 394 3422; x_wconf 88' lang='lat' dir='ltr'>De</span> <span class='ocrx_word' id='word_1_191' title='bbox 415 3366 666 3425; x_wconf 78' lang='lat' dir='ltr'>Demosthene</span> <span class='ocrx_word' id='word_1_192' title='bbox 698 3373 731 3424; x_wconf 93' lang='lat' dir='ltr'>et</span> <span class='ocrx_word' id='word_1_193' title='bbox 758 3367 918 3423; x_wconf 81' lang='lat' dir='ltr'>Platone</span> <span class='ocrx_word' id='word_1_194' title='bbox 940 3363 1097 3425; x_wconf 85' lang='lat' dir='ltr'>notatis.</span> <span class='ocrx_word' id='word_1_195' title='bbox 1147 3380 1150 3387; x_wconf 92' lang='lat'>·</span> 
     </span>
    </p>
   </div>
   <div class='ocr_carea' id='block_1_9' title="bbox 165 3478 1273 3671">
    <p class='ocr_par' dir='ltr' id='par_1_9' title="bbox 165 3478 1273 3671">
     <span class='ocr_line' id='line_1_28' title="bbox 252 3478 1273 3564; baseline 0 -21"><span class='ocrx_word' id='word_1_196' title='bbox 252 3480 479 3548; x_wconf 89' lang='lat' dir='ltr'>Demosthenis</span> <span class='ocrx_word' id='word_1_197' title='bbox 496 3485 659 3549; x_wconf 93' lang='lat' dir='ltr'>orationes</span> <span class='ocrx_word' id='word_1_198' title='bbox 678 3485 760 3548; x_wconf 91' lang='lat' dir='ltr'>inter</span> <span class='ocrx_word' id='word_1_199' title='bbox 781 3493 926 3546; x_wconf 91' lang='lat' dir='ltr'>veterum</span> <span class='ocrx_word' id='word_1_200' title='bbox 946 3480 1077 3563; x_wconf 91' lang='lat' dir='ltr'>scripta,</span> <span class='ocrx_word' id='word_1_201' title='bbox 1101 3478 1273 3564; x_wconf 84' lang='lat' dir='ltr'>quaeolim</span> 
     </span>
     <span class='ocr_line' id='line_1_29' title="bbox 165 3581 1273 3671; baseline 0.001 -25"><span class='ocrx_word' id='word_1_202' title='bbox 165 3594 273 3649; x_wconf 89' lang='lat' dir='ltr'>notata</span> <span class='ocrx_word' id='word_1_203' title='bbox 289 3585 435 3671; x_wconf 85' lang='lat' dir='ltr'>fuissent,</span> <span class='ocrx_word' id='word_1_204' title='bbox 458 3586 628 3652; x_wconf 89' lang='lat' dir='ltr'>Reinesius</span> <span class='ocrx_word' id='word_1_205' title='bbox 640 3607 704 3650; x_wconf 92' lang='lat' dir='ltr'>non</span> <span class='ocrx_word' id='word_1_206' title='bbox 723 3585 1002 3650; x_wconf 90' lang='lat' dir='ltr'>commemoravit:</span> <span class='ocrx_word' id='word_1_207' title='bbox 1027 3593 1059 3648; x_wconf 88' lang='lat' dir='ltr'>ct</span> <span class='ocrx_word' id='word_1_208' title='bbox 1074 3581 1273 3666; x_wconf 79' lang='lat' dir='ltr'>ipsedubius</span> 
     </span>
    </p>
   </div>
   <div class='ocr_carea' id='block_1_10' title="bbox 168 3702 446 3718">
    <p class='ocr_par' dir='ltr' id='par_1_10' title="bbox 168 3702 446 3718">
     <span class='ocr_line' id='line_1_30' title="bbox 168 3702 446 3718; baseline -0.004 -8"><span class='ocrx_word' id='word_1_209' title='bbox 168 3702 446 3718; x_wconf 40' lang='lat' dir='ltr'>...ffi-</span> 
     </span>
    </p>
   </div>
   <div class='ocr_carea' id='block_1_11' title="bbox 219 3754 1293 4346">
    <p class='ocr_par' dir='ltr' id='par_1_11' title="bbox 219 3754 1293 4346">
     <span class='ocr_line' id='line_1_31' title="bbox 219 3754 1274 3830; baseline 0.001 -26"><span class='ocrx_word' id='word_1_210' title='bbox 219 3757 247 3819; x_wconf 80' lang='lat'>4)</span> <span class='ocrx_word' id='word_1_211' title='bbox 266 3754 306 3807; x_wconf 88' lang='lat' dir='ltr'>Ex</span> <span class='ocrx_word' id='word_1_212' title='bbox 324 3760 475 3827; x_wconf 79' lang='lat' dir='ltr'>posteriore</span> <span class='ocrx_word' id='word_1_213' title='bbox 501 3759 553 3812; x_wconf 91' lang='lat' dir='ltr'>hoc</span> <span class='ocrx_word' id='word_1_214' title='bbox 572 3758 713 3830; x_wconf 77' lang='lat' dir='ltr'>Euagorae</span> <span class='ocrx_word' id='word_1_215' title='bbox 732 3772 816 3826; x_wconf 87' lang='lat' dir='ltr'>opero</span> <span class='ocrx_word' id='word_1_216' title='bbox 835 3760 942 3824; x_wconf 88' lang='lat' dir='ltr'>sumpta</span> <span class='ocrx_word' id='word_1_217' title='bbox 962 3769 1024 3807; x_wconf 80' lang='lat' dir='ltr'>esse</span> <span class='ocrx_word' id='word_1_218' title='bbox 1049 3768 1158 3806; x_wconf 88' lang='lat' dir='ltr'>mecum</span> <span class='ocrx_word' id='word_1_219' title='bbox 1177 3766 1274 3807; x_wconf 63' lang='lat' dir='ltr'>conse</span> 
     </span>
     <span class='ocr_line' id='line_1_32' title="bbox 269 3838 1273 3915; baseline -0.005 -19"><span class='ocrx_word' id='word_1_220' title='bbox 269 3841 321 3908; x_wconf 81' lang='lat' dir='ltr'>his,</span> <span class='ocrx_word' id='word_1_221' title='bbox 340 3861 409 3915; x_wconf 84' lang='lat' dir='ltr'>quae</span> <span class='ocrx_word' id='word_1_222' title='bbox 437 3844 471 3899; x_wconf 88' lang='lat' dir='ltr'>de</span> <span class='ocrx_word' id='word_1_223' title='bbox 490 3846 628 3900; x_wconf 85' lang='lat' dir='ltr'>rhetorica</span> <span class='ocrx_word' id='word_1_224' title='bbox 653 3847 680 3897; x_wconf 91' lang='lat' dir='ltr'>in</span> <span class='ocrx_word' id='word_1_225' title='bbox 699 3846 818 3915; x_wconf 83' lang='lat' dir='ltr'>quinque</span> <span class='ocrx_word' id='word_1_226' title='bbox 843 3849 936 3913; x_wconf 85' lang='lat' dir='ltr'>partes</span> <span class='ocrx_word' id='word_1_227' title='bbox 954 3839 1105 3894; x_wconf 87' lang='lat' dir='ltr'>secundum</span> <span class='ocrx_word' id='word_1_228' title='bbox 1123 3838 1273 3909; x_wconf 72' lang='lat' dir='ltr'>Eugnmr</span> 
     </span>
     <span class='ocr_line' id='line_1_33' title="bbox 270 3926 1275 4002; baseline -0.005 -16"><span class='ocrx_word' id='word_1_229' title='bbox 270 3933 357 3988; x_wconf 79' lang='lat' dir='ltr'>divisa</span> <span class='ocrx_word' id='word_1_230' title='bbox 374 3941 534 3987; x_wconf 84' lang='lat' dir='ltr'>enarrantur</span> <span class='ocrx_word' id='word_1_231' title='bbox 549 3936 576 3986; x_wconf 89' lang='lat' dir='ltr'>iu</span> <span class='ocrx_word' id='word_1_232' title='bbox 590 3932 698 4002; x_wconf 82' lang='lat' dir='ltr'>Proleg.</span> <span class='ocrx_word' id='word_1_233' title='bbox 712 3932 780 3985; x_wconf 89' lang='lat' dir='ltr'>rhct.</span> <span class='ocrx_word' id='word_1_234' title='bbox 795 3930 867 4000; x_wconf 86' lang='lat' dir='ltr'>apud</span> <span class='ocrx_word' id='word_1_235' title='bbox 883 3928 1060 4001; x_wconf 79' lang='lat' dir='ltr'>Spengelinm</span> <span class='ocrx_word' id='word_1_236' title='bbox 1075 3926 1134 3981; x_wconf 74' lang='lat' dir='ltr'>An.</span> <span class='ocrx_word' id='word_1_237' title='bbox 1148 3926 1275 3996; x_wconf 76' lang='lat' dir='ltr'>scriptor.</span> 
     </span>
     <span class='ocr_line' id='line_1_34' title="bbox 268 4011 1293 4093; baseline -0.01 -18"><span class='ocrx_word' id='word_1_238' title='bbox 268 4038 295 4092; x_wconf 89' lang='lat' dir='ltr'>p.</span> <span class='ocrx_word' id='word_1_239' title='bbox 320 4024 379 4085; x_wconf 79' lang='lat'>216,</span> <span class='ocrx_word' id='word_1_240' title='bbox 407 4039 488 4092; x_wconf 91' lang='lat' dir='ltr'>quum</span> <span class='ocrx_word' id='word_1_241' title='bbox 513 4022 672 4093; x_wconf 86' lang='lat' dir='ltr'>praesertim</span> <span class='ocrx_word' id='word_1_242' title='bbox 700 4018 860 4082; x_wconf 85' lang='lat' dir='ltr'>adverteris,</span> <span class='ocrx_word' id='word_1_243' title='bbox 886 4018 966 4070; x_wconf 86' lang='lat' dir='ltr'>etiam</span> <span class='ocrx_word' id='word_1_244' title='bbox 994 4013 1165 4085; x_wconf 82' lang='lat' dir='ltr'>Thucydidis</span> <span class='ocrx_word' id='word_1_245' title='bbox 1191 4015 1220 4067; x_wconf 88' lang='lat' dir='ltr'>iu</span> <span class='ocrx_word' id='word_1_246' title='bbox 1237 4011 1293 4065; x_wconf 75' lang='lat' dir='ltr'>iin-</span> 
     </span>
     <span class='ocr_line' id='line_1_35' title="bbox 269 4099 1275 4177; baseline -0.012 -16"><span class='ocrx_word' id='word_1_247' title='bbox 269 4111 400 4163; x_wconf 87' lang='lat' dir='ltr'>rationcm</span> <span class='ocrx_word' id='word_1_248' title='bbox 416 4108 534 4163; x_wconf 87' lang='lat' dir='ltr'>habitam</span> <span class='ocrx_word' id='word_1_249' title='bbox 549 4125 622 4173; x_wconf 87' lang='lat' dir='ltr'>esse,</span> <span class='ocrx_word' id='word_1_250' title='bbox 635 4105 707 4177; x_wconf 90' lang='lat' dir='ltr'>quod</span> <span class='ocrx_word' id='word_1_251' title='bbox 717 4105 846 4176; x_wconf 84' lang='lat' dir='ltr'>persequi</span> <span class='ocrx_word' id='word_1_252' title='bbox 857 4118 928 4157; x_wconf 88' lang='lat' dir='ltr'>nunc</span> <span class='ocrx_word' id='word_1_253' title='bbox 943 4119 997 4156; x_wconf 90' lang='lat' dir='ltr'>non</span> <span class='ocrx_word' id='word_1_254' title='bbox 1008 4108 1098 4155; x_wconf 81' lang='lat' dir='ltr'>vacat</span> <span class='ocrx_word' id='word_1_255' title='bbox 1117 4099 1193 4153; x_wconf 91' lang='lat' dir='ltr'>ldem</span> <span class='ocrx_word' id='word_1_256' title='bbox 1203 4112 1275 4151; x_wconf 88' lang='lat' dir='ltr'>nunc</span> 
     </span>
     <span class='ocr_line' id='line_1_36' title="bbox 270 4186 1274 4261; baseline -0.01 -12"><span class='ocrx_word' id='word_1_257' title='bbox 270 4196 352 4249; x_wconf 89' lang='lat' dir='ltr'>video</span> <span class='ocrx_word' id='word_1_258' title='bbox 367 4195 402 4248; x_wconf 90' lang='lat' dir='ltr'>ad</span> <span class='ocrx_word' id='word_1_259' title='bbox 417 4192 530 4248; x_wconf 79' lang='lat' dir='ltr'>suidam</span> <span class='ocrx_word' id='word_1_260' title='bbox 550 4195 631 4247; x_wconf 87' lang='lat' dir='ltr'>etiam</span> <span class='ocrx_word' id='word_1_261' title='bbox 644 4189 850 4261; x_wconf 89' lang='lat' dir='ltr'>Bernhardyum</span> <span class='ocrx_word' id='word_1_262' title='bbox 869 4196 999 4252; x_wconf 86' lang='lat' dir='ltr'>statuere,</span> <span class='ocrx_word' id='word_1_263' title='bbox 1015 4186 1274 4255; x_wconf 81' lang='lat' dir='ltr'>Prolegomenorutu</span> 
     </span>
     <span class='ocr_line' id='line_1_37' title="bbox 269 4270 1165 4346; baseline -0.013 -6"><span class='ocrx_word' id='word_1_264' title='bbox 269 4284 360 4340; x_wconf 87' lang='lat' dir='ltr'>locum</span> <span class='ocrx_word' id='word_1_265' title='bbox 378 4297 414 4336; x_wconf 86' lang='lat' dir='ltr'>ex</span> <span class='ocrx_word' id='word_1_266' title='bbox 431 4276 535 4333; x_wconf 84' lang='lat' dir='ltr'>Walzii</span> <span class='ocrx_word' id='word_1_267' title='bbox 551 4278 633 4335; x_wconf 82' lang='lat' dir='ltr'>Rhet.</span> <span class='ocrx_word' id='word_1_268' title='bbox 651 4276 699 4335; x_wconf 89' lang='lat' dir='ltr'>Gr.</span> <span class='ocrx_word' id='word_1_269' title='bbox 718 4275 749 4334; x_wconf 85' lang='lat' dir='ltr'>T.</span> <span class='ocrx_word' id='word_1_270' title='bbox 767 4274 828 4341; x_wconf 88' lang='lat' dir='ltr'>Vll,</span> <span class='ocrx_word' id='word_1_271' title='bbox 849 4277 871 4333; x_wconf 83' lang='lat'>1.</span> <span class='ocrx_word' id='word_1_272' title='bbox 889 4291 916 4346; x_wconf 91' lang='lat' dir='ltr'>p.</span> <span class='ocrx_word' id='word_1_273' title='bbox 938 4276 979 4333; x_wconf 84' lang='lat' dir='ltr'>ta.</span> <span class='ocrx_word' id='word_1_274' title='bbox 996 4270 1165 4328; x_wconf 81' lang='lat' dir='ltr'>afferentem.</span> 
     </span>
    </p>
   </div>
   <div class='ocr_carea' id='block_1_12' title="bbox 0 0 1464 4822">
    <p class='ocr_par' dir='ltr' id='par_1_12' title="bbox 0 0 1464 4822">
     <span class='ocr_line' id='line_1_38' title="bbox 0 0 1464 4822; baseline 0 0"><span class='ocrx_word' id='word_1_275' title='bbox 0 0 1464 4822; x_wconf 95' lang='lat' dir='ltr'> </span> 
     </span>
    </p>
   </div>
  </div>
 </body>
</html>
