2902 4822
679 456 756 535 317

479 650 833 735 incursus
886 651 953 726 111.

248 797 481 869 Fragmenta
503 796 688 854 nonnulla
710 797 970 870 Hexaplorum
993 790 1184 868 origenis.
1273 868 1277 875 Ι

251 1016 363 1103 Capite
381 1037 433 1101 eo,
463 1038 528 1102 quo
543 1018 583 1083 de
607 1040 669 1084 usu
686 1019 980 1085 ecclesiasticorum
997 1018 1147 1102 disserui,
1174 1025 1202 1093 s.
1221 1018 1275 1103 71,

165 1143 263 1208 quum
285 1123 482 1187 inciderim
472 1123 672 1210 1n0rigenis
694 1123 851 1209 Hexapla,
874 1123 990 1209 quibus
1013 1124 1181 1188 maximam
1203 1143 1276 1206 par

163 1237 228 1291 tem
261 1226 436 1311 deperditis
469 1227 560 1303 libris
595 1228 802 1293 restituendis
837 1237 965 1292 constat
1006 1238 1126 1313 quanto
1159 1224 1275 1316 ardore

163 1333 252 1395 viros
284 1329 427 1394 eruditos
460 1351 551 1396 suam
575 1350 705 1415 operam
728 1331 946 1414 impendisse
981 1329 1186 1397 Excursuum
1216 1310 1276 1395 ito·

163 1455 234 1498 rum
267 1436 493 1518 opporunitate
527 1457 579 1500 me
608 1454 672 1498 nou
705 1434 793 1498 abuti
823 1435 963 1518 credidi,
997 1437 1025 1499 si
1060 1433 1253 1519 quidquid
1243 1455 1276 1496 rn

163 1549 314 1622 promptu
337 1548 424 1603 esset
447 1539 487 1603 ad
510 1558 659 1626 magnum
681 1538 760 1604 illud
783 1537 969 1604 immortalis
1000 1539 1061 1602 viri
1083 1558 1166 1623 opus
1189 1557 1276 1602 com·

163 1640 317 1726 piendum
340 1641 393 1706 hic
416 1662 624 1727 apponerem.
671 1647 722 1709 Ac
744 1642 989 1728 suppeditarunt
1008 1642 1084 1707 mihi
1098 1643 1276 1729 fragmenta

165 1745 319 1810 nonnulla
352 1744 504 1832 Procopii
538 1746 766 1812 Commentarii
795 1749 828 1812 in
861 1745 1013 1829 Genesin,
1045 1747 1078 1810 in
1107 1746 1213 1812 lucem
1235 1745 1276 1810 ab

163 1849 248 1936 Ang.
270 1849 358 1915 Maio
381 1851 476 1916 Auet.
499 1852 595 1918 class.
618 1850 655 1917 Τ.
678 1850 731 1917 vt.
756 1852 915 1935 producti,
947 1850 1123 1916 levidensis
1147 1851 1277 1936 quidem

163 1953 216 2018 illa
240 1963 272 2019 et
301 1955 472 2020 maximam
494 1967 619 2041 partem
649 1958 713 2020 iam
736 1954 866 2020 aliunde
889 1964 981 2039 nota,
1015 1976 1076 2021 nec
1108 1965 1216 2021 tamen
1244 1956 1276 2018 in

163 2068 252 2122 tanto
218 2058 386 2123 thanum
410 2059 590 2125 litterarum
612 2061 779 2146 naufragio
810 2062 1003 2146 spernenda
1048 2059 1154 2124 Antea
1183 2078 1274 2142 vero,

162 2161 239 2226 licet
261 2173 333 2227 acta
360 2164 469 2249 egisse
492 2163 723 2257 deprehendar,
755 2164 902 2229 excitabo
930 2165 1039 2230 iocum
1067 2154 1254 2229 Chalcidii
1235 2184 1286 2228 m·

163 2265 243 2329 'lim
272 2267 327 2331 fot.
358 2266 452 2333 LVll.
476 2268 507 2332 b.
533 2267 583 2333 ed.
606 2267 763 2350 Ascens,
797 2275 894 2353 quem
921 2269 1038 2335 frustra
1070 2268 1215 2354 quaesivi
1243 2269 1275 2332 in

162 2368 308 2434 Bahrdtii
329 2372 498 2456 exemplo,
525 2372 566 2436 ad
589 2372 711 2436 initium
742 2370 911 2437 Geneseos
937 2381 1158 2457 spectantem:
1196 2369 1272 2436 »Sa-

162 2476 380 2558 pientissimus
403 2477 536 2563 Moyses
559 2495 625 2541 uon
646 2478 784 2543 humana
806 2476 968 2559 secundia,
999 2476 1059 2542 sed
1083 2477 1204 2559 divina,
1238 2486 1273 2540 ut

73 2639 76 2643 ,
162 2581 279 2665 serunt,
303 2581 512 2664 inspiratione
535 2591 707 2667 vegetatus
729 2581 762 2643 in
786 2601 826 2645 eo
848 2580 948 2664 libro,
983 2583 1036 2667 qui
1063 2579 1104 2644 de
1126 2581 1273 2666 genitura

162 2684 271 2749 mundi
301 2695 469 2767 censetur,
501 2684 542 2749 ab
565 2684 698 2749 exordio
731 2685 780 2749 sio
803 2695 854 2750 est
883 2684 1030 2768 profatus
1060 2684 1149 2751 iuxta
1179 2685 1275 2749 inter-

163 2790 376 2871 pretationem
398 2791 602 2876 septuaginta
624 2787 847 2875 prudentium:
883 2786 981 2853 Initio
999 2789 1089 2855 Deus
1105 2788 1186 2873 fecit
1206 2809 1276 2855 coe-

165 2891 230 2956 lum
253 2898 285 2956 et
305 2901 438 2958 terrum.
486 2890 592 2957 Terra
620 2900 727 2958 autem
754 2899 829 2957 erat
856 2890 1017 2956 invisibilis
1046 2898 1079 2977 et
1103 2892 1275 2993 incompta.

166 2994 207 3060 Ut
229 3015 308 3061 vero
331 2996 374 3060 ait
397 2994 528 3080 Aquila.
564 2996 672 3083 Uuput
692 3017 799 3062 rerum
820 2994 967 3061 condidit
991 2972 1080 3062 Deus
1102 2994 1225 3061 coebum
1247 3002 1288 3089 et

166 3107 300 3166 t.errum
347 3098 451 3166 Terra
467 3119 573 3185 porro
595 3102 702 3167 inanis
724 3112 754 3166 et
772 3098 858 3165 nihil.
904 3098 965 3165 Vei
988 3111 1022 3164 ut
1045 3096 1275 3185 Symmachus:
1284 3156 1287 3163 .

164 3203 219 3270 At
243 3204 380 3270 exordio
403 3202 548 3269 condidit
567 3204 657 3270 Deus
678 3205 801 3270 coelum
823 3212 855 3271 et
875 3213 1005 3270 terram.
1053 3202 1154 3270 Turro
1170 3225 1288 3303 porro·

160 3308 224 3391 fuit
246 3313 381 3373 otiosum
402 3306 481 3395 quid
499 3306 726 3396 confusuruqtoe
747 3318 780 3375 et
799 3309 1028 3374 inordinatum.
1074 3306 1141 3373 Sed
1164 3298 1277 3396 Orige-

165 3433 224 3477 nes
246 3422 413 3478 asseverat
441 3413 484 3475 ita
508 3412 570 3477 sibi
598 3412 640 3477 ab
660 3411 820 3479 Hebraeis
843 3432 919 3478 esse
948 3433 1154 3497 persuasum,
1189 3412 1277 3497 quod

164 3517 197 3579 in
220 3515 414 3601 aliquantum
437 3516 480 3579 sit
510 3536 628 3582 evera
652 3519 851 3603 proprietate
881 3517 1022 3582 derivata
1044 3517 1274 3600 interpretatio.

165 3618 281 3685 Fuisse
304 3621 388 3683 enim
417 3621 449 3683 in
477 3621 662 3706 exemplari.
710 3619 829 3686 „Terra
850 3620 1116 3704 autem-stupida
1139 3620 1282 3705 quadam.

166 3736 235 3790 erat
257 3724 496 3790 admiratione«
543 3723 609 3790 lam
631 3724 672 3789 ad
695 3723 892 3810 Procopium
915 3735 1126 3791 transeamus.

631 3861 761 3949 Caput
793 3862 816 3929 Ι.

252 3983 308 4050 Vs.
330 3986 361 4051 4.
405 3985 550 4067 συνεῖδεν,
582 3984 638 4050 ubi
668 3983 798 4073 vulgata
831 3981 927 4068 εἶδεν,
963 3983 1100 4071 Aquilae
1135 3989 1278 4054 attribuit

167 4086 349 4172 Procopius
371 4108 502 4175 quoque
523 4110 557 4174 p.
579 4088 631 4154 27.

251 4190 309 4258 Vs.
332 4193 386 4261 30.
417 4193 516 4278 Apud
534 4191 763 4280 Symmachum
786 4194 941 4279 scriptum
964 4194 1065 4262 tuisse
1079 4193 1175 4264 πάντα
1195 4193 1275 4283 χόρ-

166 4319 230 4383 τον,
263 4298 384 4364 omissa
410 4298 527 4384 copula
554 4298 622 4384 καί,
656 4317 741 4385 quac
768 4299 867 4387 vulgo
899 4303 1061 4387 praemitti
1091 4301 1188 4366 solita
1215 4310 1276 4384 est,
