2902 4822
683 422 760 501 182

166 617 312 683 iudicans
330 615 521 693 ,Boeckhius
549 620 583 682 in
613 616 817 683 enarratione
845 633 957 679 eorum
986 635 1071 699 quae
1091 618 1276 685 votoresiu

166 723 230 789 hoc
250 742 372 808 genere
394 721 572 793 litterarum
594 721 843 804 praestitissent,
878 719 915 786 Τ.
938 720 974 803 ΙΙ,
1000 722 1029 787 1.
1050 743 1083 806 ρ.
1105 721 1193 806 ΧΙΙΙ,
1215 723 1277 791 hoo

167 827 255 911 quod
286 826 328 890 ad
349 846 417 891 rem
448 837 592 890 nostram
626 835 753 908 spectat
777 824 946 909 ostendit,
981 826 1170 893 adornatam
1203 818 1277 893 osso

167 934 207 999 ab
228 931 421 997 Aristarcho
441 931 558 1014 iustam
580 929 712 995 Pindari
733 928 917 1013 editionem,
940 951 1077 1015 eamque
1096 930 1193 1017 siglis
1211 944 1278 997 tox-

167 1039 215 1101 tui
235 1037 393 1120 appositis
416 1037 605 1101 instructam
628 1056 714 1118 esse,
738 1033 826 1118 quod
844 1045 953 1117 pateat
965 1037 1103 1101 maxime
1114 1056 1157 1101 ex
1167 1035 1277 1103 Schoi.

167 1139 275 1204 isthm.
299 1136 339 1221 V,
361 1139 413 1201 47.
449 1136 540 1203 Haec
562 1140 691 1223 quidem
713 1148 813 1221 recte,
836 1137 896 1202 sed
917 1159 978 1222 pro
1005 1139 1143 1205 consilio
1166 1150 1278 1207 nostro

168 1241 254 1307 iusto
276 1240 409 1304 brevius
421 1240 625 1306 Boeckhius:
648 1243 745 1328 igitur
767 1240 967 1309 enucleatius
987 1263 1025 1309 ea
1047 1243 1089 1309 de
1110 1264 1148 1309 re
1170 1243 1279 1309 dioen-

168 1346 254 1428 dum,
278 1344 337 1409 sed
359 1345 402 1407 ita
424 1355 530 1409 tamen
552 1357 587 1410 ut
609 1358 797 1430 argumenta
818 1349 1000 1412 summatim
1023 1359 1164 1437 tangam.

253 1450 305 1511 Ac
343 1449 481 1531 primum
515 1449 688 1514 editionem
726 1459 897 1515 contextus
932 1461 1062 1533 praeter
1093 1451 1279 1517 evidentem

166 1555 274 1619 locum
304 1551 414 1619 Sohoi.
449 1551 489 1633 1.,
524 1554 564 1616 de
596 1574 660 1638 quo
694 1554 792 1636 infra,
828 1564 988 1618 testantur
1019 1556 1101 1620 tales
1132 1553 1280 1620 Scholio-

166 1677 238 1721 rum
272 1654 350 1735 loci,
392 1653 507 1737 quibus
543 1654 723 1720 Aristarchi
764 1654 860 1719 lectio
902 1655 1008 1741 aliqua
1046 1659 1090 1722 ita
1128 1657 1280 1743 designa-

166 1771 230 1840 tur,
262 1766 298 1820 ut
328 1757 361 1818 in
383 1748 539 1839 exemplis
567 1759 720 1821 variantis
751 1759 931 1841 scripturae
962 1760 1123 1844 afferatur,
1158 1761 1279 1845 quippe

166 1860 355 1945 simpliciter
376 1861 478 1924 verbo
500 1857 607 1946 γράφει
636 1872 755 1943 notata,
780 1872 814 1923 ut
836 1859 931 1945 Pyth.
954 1860 1006 1945 111,
1030 1864 1088 1927 75:
1122 1852 1279 1946 βάραττά

168 1957 347 2050 ἰνττρώτιρ]
366 1961 428 2034 ,ἐὰν
461 1963 511 2050 μὲν
544 1962 688 2050 γράφεται
710 1963 761 2047 „tu
782 1963 928 2053 αρώτῳ“,
962 1966 1006 2042 ὡς
1034 1975 1083 2033 νῦν
1107 1965 1278 2054 γέγραπται,

167 2064 316 2136 ἔσταιὲνὶ
337 2064 444 2152 βάματι
472 2065 489 2134 ὁ
517 2063 678 2136 Ἀπόλλων
707 2065 768 2133 ἀπὸ
788 2075 851 2152 τῆς,
885 2071 1030 2146 Πυθῶνος
1051 2068 1211 2155 ἐληλυθὼς
1238 2069 1280 2148 εἰς

166 2172 216 2257 τὴν
241 2170 420 2241 Θεσσαλίαν·
443 2169 494 2237 ἐὰν
517 2169 561 2251 δὲ,
585 2169 629 2246 ὡς
649 2171 680 2236 ἒν
698 2194 763 2252 τιατ,
787 2166 952 2255 ,pipant
971 2170 1001 2238 ἐν
1017 2169 1175 2262 erutor
1196 2175 1280 2241 ἔσται

166 2270 372 2361 ταραρράζιον
394 2274 428 2339 τὸ
451 2273 533 2398 ,mic
554 2273 606 2360 μὲν
635 2267 747 2359 dpii'
705 2296 741 2341 ατ
771 2270 863 2340 ἰών“.
914 2273 972 2340 ,ὁ
999 2272 1096 2361 μέντοι
1112 2270 1279 2363 Ἀρίσταρ-

167 2404 236 2465 χος
253 2375 362 2464 γράφει
389 2376 523 2505 τριτάτῳ.
579 2379 683 2445 Etiam
717 2378 843 2505 planius
875 2324 985 2444 isthm.
1018 2381 1042 2463 1,
1075 2383 1135 2446 58.
1170 2377 1278 2469 ἇρττά]

163 2479 364 2611 Ἀρίσταρχος
386 2483 438 2547 σὺν
459 2508 501 2569 τῳ
526 2510 535 2549 ι
556 2480 663 2567 γράφει
684 2481 735 2548 καὶ
757 2491 898 2605 τερισπᾶ,
926 2483 976 2550 καὶ
994 2479 1129 2570 Ἀττικὴν
1160 2482 1280 2571 δέχαται

168 2589 219 2673 τὴν
243 2592 381 2666 romain,
413 2608 437 2651 ιν
468 2580 529 2671 fid
559 2588 665 2668 λόγος
696 2583 721 2651 εἰ
737 2590 779 2711 3τῇ
799 2585 890 2674 ἀρετῇ
921 2586 1089 2655 κατάκειται
1110 2600 1174 2655 oto.
1218 2586 1279 2653 vd

166 2712 215 2756 vs.
241 2693 298 2754 il:
333 2690 365 2765 ἓξ
389 2688 572 2774 ὥτασε]...
601 2683 676 2755 δι
660 2712 695 2773 ην
718 2686 806 2755 αἰτίαν
838 2690 866 2756 οἱ
883 2686 1105 2777 Αριστάρχτιοι
1124 2694 1279 2778 ψιλοῦντες

166 2794 217 2862 ταὶ
239 2791 416 2870 συντιθέντες
445 2791 607 2875 ἐξώπαστν,
637 2791 685 2859 ἐπὶ
706 2801 759 2859 τοῦ
784 2792 946 2881 νικηφόρου
969 2793 1201 2882 ἑκλαμβάνονται
1227 2796 1278 2881 'cip

166 2898 264 2982 λόγον,
286 2900 426 2985 περιττὴν
449 2894 524 2964 εἶναι
544 2895 677 2980 λέγοντες
699 2909 762 2964 etc.
806 2899 900 2962 Adde
922 2897 1016 2964 Nem.
1039 2898 1096 2984 tv,
1131 2901 1203 2965 161.
1233 2898 1279 2983 X,

170 3003 242 3067 114.
278 3003 367 3085 Quas
396 3002 555 3068 lectiones
579 3001 751 3066 admodum
781 3001 925 3084 probalis
954 3015 1005 3068 est
1026 3004 1214 3069 coniectura
1236 3018 1279 3067 ex

165 3106 274 3191 aliquo
297 3114 468 3170 contextus
482 3104 630 3188 exemplo
649 3115 794 3186 sumptas
813 3123 898 3186 esse,
925 3105 969 3168 ita
985 3115 1093 3170 tamen
1112 3117 1148 3170 ut
1166 3122 1279 3171 earum

166 3194 248 3278 ratio
271 3224 303 3275 et
325 3212 545 3294 interpretatio
568 3211 600 3273 in
619 3209 867 3291 commentariis,
897 3209 1029 3293 opinor,
1060 3209 1157 3275 simul
1177 3226 1278 3295 expo·

166 3315 229 3380 sita
252 3324 359 3395 esset,
383 3314 470 3398 quod
493 3323 525 3377 et
547 3313 665 3378 ceteris
688 3311 780 3395 locis,
804 3312 921 3396 quibus
940 3313 1117 3380 lectionum
1135 3314 1278 3381 Aristar·

167 3420 309 3483 ohiarum
331 3418 451 3481 mentio
474 3417 519 3499 fit,
553 3419 681 3499 sactum,
714 3416 819 3480 minus
842 3427 948 3482 autem
977 3417 1073 3503 plana
1094 3418 1194 3485 sontis
1215 3417 1278 3483 ori·

165 3525 254 3610 gine:
289 3520 416 3607 Olymp.
449 3521 473 3603 i,
508 3521 577 3584 140.
610 3521 682 3586 177.
716 3517 757 3602 V,
780 3521 832 3584 54.
866 3519 958 3587 Nem.
989 3522 1014 3607 l,
1044 3522 1097 3586 34.
1131 3520 1201 3606 vit,
1234 3520 1278 3585 47

166 3629 305 3706 (scilicet
334 3624 545 3692 Aristarchus
572 3625 679 3709 ἔμολον
701 3623 850 3710 legerat).
894 3624 1067 3691 Praeterea
1096 3627 1277 3711 scripturae

167 3732 386 3798 Aristarchine
409 3731 529 3793 mentio
551 3729 586 3792 fit
609 3728 694 3793 nuda
715 3727 808 3794 Nem.
830 3728 885 3811 IV,
911 3731 983 3795 151,
1006 3730 1048 3813 X,
1064 3730 1136 3794 114.
1169 3728 1278 3812 Quum

167 3839 301 3920 insuper
323 3833 423 3898 multo
446 3833 592 3917 pluribus
614 3833 696 3898 locis
720 3834 754 3896 in
776 3835 934 3898 sententia
959 3844 1173 3899 controversa
1195 3830 1277 3898 iudi·

168 3945 253 4008 cium
275 3939 454 4004 Aristarchi
476 3939 580 4021 ipsius
610 3938 732 4020 passim
755 3938 865 4002 verbis
894 3941 993 4005 etita
1015 3937 1146 4024 quidem
1166 3934 1277 4003 laudo·

166 4063 229 4132 tur,
253 4047 342 4112 utin
366 4045 555 4129 quaestione
578 4041 619 4107 ad
641 4042 831 4108 solvendum
855 4046 1021 4129 proposita
1049 4041 1276 4129 respondentis

166 4171 341 4237 personam
370 4149 490 4232 induat,
520 4147 619 4213 veluti
647 4146 774 4234 Olymp.
804 4145 855 4228 111,
879 4147 975 4213 inser.
996 4150 1129 4230 Ζηττῑται
1150 4140 1186 4209 δὲ
1207 4145 1275 4209 δαι-

168 4255 258 4340 τίμὴ
280 4250 326 4321 Διῒ
348 4254 460 4339 μᾶλλον
495 4246 580 4327 οὗτος
613 4249 732 4336 ηὔξατο,
767 4246 795 4332 οἷ
827 4247 912 4326 οὗτος
946 4249 1027 4336 ἁγὼν
1059 4244 1209 4315 tvm
