2902 4822
631 415 715 519 aar

118 638 212 705 Hom.
243 646 274 724 p.
297 633 412 704 XXlll.
439 653 507 721 etp,
542 636 788 720 perscribuntur
816 631 1019 719 perobscura
1050 645 1087 712 et
1116 639 1234 715 titione

116 745 219 828 mitto,
254 753 425 809 contentus
459 743 569 805 notitia
601 760 744 826 eaquae
774 739 816 804 ad
838 737 1074 826 Praxiphanem
1102 743 1233 834 Mityle·

116 869 233 914 naenm
265 857 409 934 spectat·
446 866 541 932 quem
574 847 636 910 iam
671 855 799 909 constat
832 865 894 909 una
924 861 1004 912 oum¹
1032 845 1229 935 Callimacho

117 954 221 1019 Arato
251 950 449 1017 instituendo
482 948 566 1014 ab
556 950 688 1014 mantra
721 948 794 1015 adst
763 949 906 1034 stitiss03
940 950 1028 1037 quod
1060 955 1147 1021 enim
1178 955 1232 1029 hic

112 1065 254 1144 propter
282 1055 419 1121 Latinus
444 1054 605 1178 interpres
635 1056 747 1137 vertit,
783 1052 854 1117 id
844 1074 877 1118 m
899 1052 1027 1121 Graeco
1056 1057 1232 1157 exemplam

114 1159 198 1248 παρὰ
220 1159 283 1244 [τὸν
300 1153 538 1245 Πραξιφάνην
509 1181 559 1224 τον
576 1155 782 1242 Μιτυληναῖον]
805 1157 907 1224 fuisse
922 1159 1050 1227 videtur
1064 1163 1232 1248 scriptum.

113 1265 173 1332 His
196 1263 420 1352 adiungendus
442 1262 535 1327 locus
558 1261 652 1327 Vitae
674 1262 765 1326 Arati
789 1262 1231 1361 44.Β4414Τ11.μ,484,

114 1390 156 1435 ex
185 1389 250 1456 quo
278 1364 515 1467 Praxiphanem
544 1367 628 1429 inter
651 1375 683 1431 ct
705 1365 931 1432 Callimachum
957 1371 1230 1439 mocesitudinem

114 1474 294 1559 quandam,
324 1469 378 1537 vel
401 1454 495 1534 etiam
510 1469 705 1534 simultatem
730 1467 780 1553 (v.
796 1468 921 1537 Preller
944 1492 974 1556 p
996 1473 1044 1550 8.)
1065 1476 1231 1543 exstitisse

113 1577 293 1664 colligitur
327 1570 476 1661 Μίμνηται
497 1595 566 1657 ηουν
588 1570 678 1639 αὐτοῦ
709 1566 866 1660 [Apulam]
899 1573 951 1642 καὶ
971 1574 1207 1663 Καλλίμαχος’
1185 1599 1231 1654 ιος

112 1678 313 1806 πρεσβυτέρου
344 1675 435 1765 [scil.
464 1677 648 1760 Nicandro]
682 1675 717 1744 οὖ
740 1675 827 1763 μόνον
863 1676 893 1745 ἐν
926 1687 988 1756 τοῖς
1020 1677 1229 1768 ἐπιγράμμασι,

112 1781 191 1850 ἀλλὰ
221 1781 271 1850 καὶ
304 1779 335 1848 ἐν
364 1791 426 1857 τοῖς
455 1779 534 1867 πρὸς
563 1779 767 1907 Πραξιφάνην,
799 1779 875 1850 πάνυ
905 1779 1032 1852 ἐπαινῶν
1063 1782 1206 1853 αι’ντδν
1185 1808 1230 1919 ως

110 1891 270 1974 πολυμαθῆ
293 1883 345 1953 καὶ
366 1885 483 1971 ἄριστον
505 1886 636 1973 ποιητήν.

197 1991 232 2055 14
261 1992 346 2056 hanc
367 1986 474 2055 Vitam
497 1989 589 2054 Arati
619 2013 718 2113 quum
748 1991 834 2057 sorte
861 1990 1044 2078 inciderim,
1075 2003 1147 2061 utar
1168 1993 1230 2061 laec

111 2098 296 2183 occasione,
319 2107 356 2162 ut
369 2106 523 2182 quantum
541 2096 626 2163 vel
615 2117 648 2161 m
670 2097 790 2162 misero
806 2095 861 2163 illo
878 2097 1000 2182 habitu,
1025 2118 1090 2183 quo
1110 2097 1152 2163 ad
1167 2117 1229 2165 nos

110 2204 234 2291 perlata
256 2214 325 2289 est,
357 2202 399 2268 ad
422 2201 584 2270 Graecum
607 2204 789 2291 exemplum
812 2203 1051 2271 restituendum
1072 2205 1229 2290 conterat,

110 2309 224 2393 paucis
246 2307 328 2373 locis
351 2307 531 2372 ostendam.

196 2405 344 2496 Διέπρεψι
370 2406 405 2476 δὲ
435 2406 519 2494 παρὰ
547 2406 720 2501 Ἀντιγόνῳ]
747 2408 835 2477 Vere
868 2413 1050 2489 coniecisse
1077 2410 1231 2487 Ruhnke-

109 2512 197 2578 nium
220 2509 364 2599 διίτριψι,
396 2512 491 2578 docet
521 2511 768 2600 interpretatio:
797 2517 983 2600 ρωνααιιοίΐ
1003 2523 1112 2583 autem
1141 2516 1234 2604 apud

109 2616 339 2705 Antipatrum*
368 2615 464 2700 Quod
495 2616 577 2681 infra
606 2614 726 2703 legitur
755 2614 921 2703 διατρίψω,
956 2618 1035 2686 item
1064 2617 1229 2708 interpres

10 2744 16 2767 ι
109 2720 249 2786 reddidit
270 2741 355 2787 voce
371 2724 600 2813 permansisse.

195 2820 278 2889 Μαιδι
316 2822 368 2910 τὴν
395 2819 597 2910 Ἀλεξάνδρου
636 2823 773 2911 τελευτὴν
809 2821 927 2912 ἐκράτει
956 2835 1011 2914 τῆς
1043 2829 1230 2907 Μακεδονίας

107 2913 262 3010 Ἀριδαῖος
284 2924 301 2992 ὁ
327 2925 451 3013 κληθεὶς
477 2929 642 3006 Φίλιππος·
662 2927 767 2995 τούτου
794 2927 829 2994 δὲ
851 2925 1055 3007 ἀποθανόντος
1081 2929 1230 3007 aarum

112 3028 258 3110 Σέλευκος
280 3033 298 3101 ὁ
319 3032 470 3123 Νικάνωρ,
494 3032 528 3104 ὃν
550 3033 663 3123 δναιριῑ
683 3037 867 3119 Πτολεμαῖος
888 3030 906 3100 ὁ
928 3032 1052 3120 aaut<
1069 3033 1229 3122 Κιραυνός,

111 3135 293 3224 Πτολεμαίου
315 3147 366 3207 τοῦ
388 3143 530 3228 Σωτῆρος
550 3138 602 3208 καλ
619 3134 775 3227 Ἀριδίκης
797 3136 875 3223 ὑιός,
898 3135 933 3215 ὃς
953 3137 1104 3223 βασιλιίνα
1122 3141 1229 3207 Μακα-

113 3241 225 3328 δονίας]
248 3243 336 3310 Leve
358 3232 412 3309 est¹
440 3245 527 3330 quod
555 3241 716 3332 Νικάτωρ,
738 3255 776 3310 ut
795 3245 1020 3328 reponendum
1041 3255 1104 3330 cst,
1125 3244 1232 3311 firma·

112 3349 166 3409 tur
186 3346 452 3432 interpretatione
481 3349 604 3415 victor:
634 3351 738 3438 magis
769 3348 979 3415 memorabile
1008 3349 1097 3437 quod
1118 3347 1232 3443 eadem

113 3450 268 3519 offerente
290 3451 456 3519 Eoridica'c
477 3472 538 3538 pro
561 3454 732 3541 Ἀριδίκης,
763 3453 851 3541 quod
874 3472 993 3519 nomen
1020 3450 1232 3539 inseparati

112 3559 199 3625 unde
220 3558 307 3625 hand
328 3560 494 3644 cognitum
515 3570 582 3648 ast,
604 3561 834 3629 restituendam
856 3556 1042 3646 Εὐρυδίκης,
1074 3560 1168 3626 ouius
1187 3555 1233 3629 'do

112 3665 258 3731 mulieris
281 3658 412 3730 nomine
432 3685 464 3736 v.
486 3665 587 3752 intpp.
610 3668 651 3735 ad
673 3667 798 3734 Aeliam
821 3663 862 3729 V.
885 3664 925 3730 [a
947 3662 1032 3749 Xlll,
1055 3663 1108 3728 36.
1146 3661 1231 3733 llan-

114 3764 187 3835 dem
230 3769 371 3834 nominis
410 3767 547 3835 formam
588 3791 675 3838 nuno
716 3770 813 3836 video
853 3768 1028 3854 repositam
1066 3767 1100 3831 in
1137 3763 1233 3835 Vitae

114 3871 282 3958 exemplo,
310 3869 398 3958 quod
421 3892 463 3936 ex
485 3871 668 3940 Ruhnkenr'i
690 3871 821 3939 schedis
844 3868 1048 3935 Tittmannua
1072 3867 1173 3935 edidit
1198 3868 1234 3933 in

114 3971 200 4038 illius
233 3985 266 4040 et
297 3973 525 4042 Valckenaarii
544 3975 756 4061 aliorumque
786 3972 828 4039 ad
857 3969 1044 4039 Ernestium
1075 3968 1233 4058 Epistolis

139 4122 402 4309 ’Δημηιρωῌ
386 4208 405 4253 ο
425 4142 642 4272 Πολιορκητής,
662 4182 831 4271 Δημητρίου
852 4179 888 4248 δὲ
896 4174 1110 4305 Ἀντίλοημς
1095 4174 1233 4300 arulae
