2902 4822
626 429 704 517 aut

111 640 171 712 est,
195 628 330 693 feliciter
348 626 510 708 indicavit,
533 623 663 689 laudato
676 623 819 716 Luoiano
836 625 908 719 adu.
926 625 1101 709 indoctum,
1119 630 1218 706 ,cuius
1264 653 1271 663 ⁸

110 732 209 798 libelli
240 731 330 793 initio
363 729 481 792 mentio
514 728 612 793 Attici
644 728 811 792 cuiusdam
844 729 888 811 lit,
923 732 1015 795 cuius
1050 724 1165 796 eitimia
1186 735 1219 796 in

111 834 333 899 describendis
356 842 500 895 veterum
524 831 678 914 operibus
701 831 866 920 diligentia,
886 833 1084 900 celebratur:
1115 833 1163 900 ίνα
1184 834 1219 900 δέ
1324 872 1327 879 -

112 963 157 1003 σοι
180 941 225 1002 δῶ
249 934 324 1001 αὐτὰ
347 933 444 1026 ἐκεῖνα
465 933 639 1019 κεκρικέναι,
667 932 725 998 ὅσα
747 933 763 998 ὁ
786 936 932 1011 Kallion<
960 935 991 1011 ἐς
1013 935 1136 1019 κάλλος,
1158 938 1178 1024 ἢ
1201 937 1218 1003 ὁ

111 1040 243 1124 ἀοίδιμος
260 1034 397 1112 Ἀττικὸς
426 1037 477 1102 σὺν
500 1035 650 1125 ἐπιμελείᾳ
679 1042 716 1123 τῇ
736 1034 819 1123 παίσῃ
841 1036 1003 1125 γράψαιτν,.
1025 1040 1072 1106 σοὶ
1092 1043 1120 1107 τί
1142 1043 1219 1126 ὄφε-

110 1148 183 1223 λος;
213 1134 547 1223 ἈιίἸιοιιο”Ιιοιιιιίιίε,
570 1152 675 1205 aetate
697 1143 800 1224 ipsius
834 1143 920 1208 haud
949 1146 1101 1228 ignobilis
1122 1159 1219 1232 atque

111 1251 206 1312 etiam
223 1248 360 1331 posthac
379 1243 608 1327 exemplarium
624 1244 664 1307 ab
685 1265 722 1309 se
741 1244 955 1313 exhibitorum
973 1250 1036 1314 fide
1055 1262 1086 1315 et
1109 1263 1221 1315 aucto·

111 1354 204 1415 ritate
233 1351 354 1414 'famam
390 1339 548 1433 quandam
585 1349 789 1431 consequuti,
819 1353 1005 1416 memoriam
1039 1353 1219 1438 augendam

114 1450 221 1518 novae
241 1473 344 1537 nuper
374 1462 583 1517 accesserunt
605 1454 729 1535 copiae,
762 1473 842 1536 quas
865 1454 1020 1520 debemus
1043 1457 1220 1520 industriae

112 1556 351 1641 Darembergii,
395 1557 450 1638 qui
484 1576 581 1640 quum
615 1557 649 1618 in
678 1554 871 1639 Fragmento
912 1557 1024 1623 Galeni
1059 1579 1220 1624 commen·

111 1660 181 1725 tarii
212 1662 245 1723 in
274 1658 419 1725 Platonis
452 1659 617 1723 'limacum
651 1660 690 1724 ab
726 1679 766 1724 se
799 1661 885 1724 edito
913 1665 939 1742 ³)
983 1663 1097 1727 eodem
1142 1665 1219 1728 vitio

112 1763 278 1839 maculatas
289 1756 411 1828 Ἀττικὰ
441 1759 603 1846 ἀντίγραφα
632 1767 803 1829 memorari
837 1768 1122 1851 animadverteret,
1155 1788 1221 1832 non

111 1866 214 1932 solum
245 1853 354 1930 veram
383 1854 551 1930 lectionem
583 1878 779 1950 assequutus
811 1882 872 1953 est,
905 1871 963 1935 sed
988 1870 1224 1936 simul‘horum

114 1969 375 2054 antigraphorum
399 1979 563 2034 auctorem
587 1969 749 2034 indicavit.
782 1971 849 2037 Sed
864 1977 1005 2038 curatius
1024 1984 1113 2038 totus
1127 1973 1222 2039 locus

112 2073 219 2137 multis
250 2073 431 2138 nominibus
454 2072 664 2156 gravissimus
688 2074 919 2141 describendus
953 2089 1013 2142 est.
1058 2076 1110 2140 Ad
1139 2076 1221 2141 baeu
1287 2063 1289 2067 ¹

110 2172 253 2245 Platonis
276 2174 356 2239 Tim.
380 2176 401 2238 3
422 2176 538 2240 verba:
562 2173 680 2260 μόνιμον
704 2177 737 2242 δὲ
759 2175 809 2243 καὶ
830 2173 1083 2265 καιεῤῥιζωμένον
1105 2175 1222 2262 πέπηγε

111 2278 160 2345 διὰ
180 2280 214 2344 τὸ
237 2280 289 2363 τὴς
311 2280 372 2353 ἔξω
395 2279 484 2344 αὑτοῦ
506 2279 649 2363 κινήσεως
681 2279 858 2365 ἐστερῆσθαι
886 2303 903 2346 a
935 2281 1057 2348 Galeno
1093 2294 1222 2366 praeter

110 2385 182 2466 aliu,
206 2384 323 2468 quibus
341 2403 416 2447 vera
434 2382 497 2446 loci
513 2385 669 2460 sententia
690 2385 882 2467 declaratur,
906 2385 1098 2450 adnotantur
1116 2407 1148 2468 p.
1161 2386 1221 2448 121:

110 2486 192 2570 Αὕτη
215 2485 265 2570 μὲν
288 2486 308 2570 ἡ
331 2483 475 2574 berlandi:
496 2508 545 2570 μοι
566 2482 667 2568 γέγονε
688 2484 764 2552 κατὰ
784 2487 836 2571 τὴν
858 2495 918 2552 τῶν
940 2484 1064 2553 ἀστικῶν
1082 2483 1219 2571 ἀναγρά-

111 2613 176 2673 φων
199 2592 326 2671 ἔκδοσιν,
364 2587 393 2654 ἐν
417 2586 528 2674 ἑτέροις
561 2583 586 2653 δ’
610 2587 704 2674 εὑρὼν
726 2587 922 2676 γεγραμμένον
949 2589 1020 2674 „ud
1040 2591 1074 2656 τὸ
1105 2591 1158 2676 τὴς
1191 2588 1223 2665 ἐξ

110 2694 199 2759 αὑτοῦ
227 2694 405 2780 κινήσεωςίι,
439 2691 579 2775 ἐνενόησα
607 2695 714 2759 λείπειν
743 2695 777 2760 τὸ
809 2693 840 2757 οἳ
868 2704 1021 2778 στοιχειον,
1056 2698 1223 2778 γραψαντος

109 2800 159 2863 τοῦ
188 2795 349 2872 Πλάτωνος
375 2794 445 2878 ,,διὰ
473 2795 508 2860 τὸ
537 2805 591 2882 τῆς
620 2798 681 2872 ἔξω
714 2799 853 2880 ἑαυτοῡίί,
888 2797 936 2864 ἵνα
956 2800 1007 2883 τὴν
1031 2798 1223 2882 μεταβατικὴν

110 2902 219 2984 κίνησιν
242 2899 386 2989 ἀπορήσῃ
408 2910 466 2965 τῶν
490 2907 589 2982 ιροτῶν
611 2898 710 2985 μόνην.
744 2901 796 2966 Ad
808 2901 975 2966 Platonem
999 2903 1105 2986 igitur,
1129 2901 1222 2963 cuius

110 2997 210 3070 locus¹
226 3026 312 3084 nunc
334 3007 462 3070 demum
485 3004 599 3068 Galeni
631 3023 693 3087 ope
722 3005 868 3070 insuam
898 3006 1064 3088 pristinam
1088 3003 1224 3066 sormam

111 3111 280 3174 restitutus
302 3121 362 3192 est,
398 3120 432 3174 ut
463 3110 547 3172 bene
569 3106 1021 3193 admonuitliarembergius,
1051 3106 1092 3170 ab
1115 3117 1223 3169 orato-

111 3212 202 3276 ribus
235 3213 354 3276 Atticis
385 3213 521 3276 traducti
553 3230 684 3292 sumus,
717 3223 814 3296 atque
834 3233 946 3299 *quum
968 3211 1030 3275 iarn
1052 3220 1160 3294 pateat
1182 3208 1224 3272 dc

111 3312 349 3381 Platonicorum
383 3317 579 3399 scriptorum
609 3315 750 3380 editione
773 3318 813 3380 ab
840 3317 950 3380 Attico
974 3324 1096 3396 curata,
1119 3313 1224 3395 inopi·

112 3430 187 3482 nato
216 3419 298 3482 baec
326 3420 436 3483 notitia
465 3419 692 3483 corrobaratur
725 3419 790 3485 alio
823 3418 1006 3485 testimonio
1029 3416 1104 3480 huic
1126 3434 1224 3499 quae·

113 3522 208 3585 stioni
231 3522 345 3591 adbuc
367 3543 432 3587 non
462 3523 590 3587 admoto
613 3522 700 3605 apud
733 3520 843 3588 Schol.
874 3522 955 3585 Plat.
985 3519 1134 3602 limaeo,
1168 3518 1224 3583 ubi

113 3625 200 3689 initio
224 3625 265 3688 de
289 3637 401 3710 quarta
423 3627 478 3690 illa
499 3645 650 3710 persona,
682 3646 764 3710 quae
792 3646 812 3690 a
835 3624 997 3708 colloquio
1026 3621 1223 3692 instituendo

113 3729 257 3792 abluisse
272 3729 398 3811 dicitur,
425 3729 505 3793 haec
516 3729 686 3813 leguntur:
721 3723 758 3794 ‘0
768 3721 914 3808 Ἀττικός,
937 3723 1024 3810 φησίν
1046 3721 1224 3808 ὁΠρόκλος,

114 3827 218 3915 ὀρθῶς
239 3830 306 3917 περὶ
327 3834 378 3897 τοῦ
399 3828 537 3915 τετάρτου
558 3833 646 3895 τοῦδε
667 3828 892 3915 ἐπισημαίνεται
915 3830 1005 3893 ,ἔοικε
1026 3826 1083 3913 γὰρ
1110 3824 1224 3892 inca·-

113 3932 287 4019 λειπόμενος
309 3931 394 4009 οὗτος
415 3930 490 4000 εἶναι
511 3943 570 4000 τῶν
592 3932 665 4019 μετὰ
688 3936 810 4019 Τιμαίου
833 3930 933 4008 ξένων.
959 3930 1009 3996 διὸ
1040 3928 1130 3997 καὶὸ
1152 3932 1224 3996 Σιο-

135 4218 137 4225 .
166 4177 197 4240 ὁ)
214 4143 375 4244 Pragmenls
392 4160 427 4227 du
448 4172 641 4228 commentaire
666 4170 700 4226 de
720 4169 818 4250 Galicn
843 4188 891 4226 sur
913 4171 940 4226 le
959 4169 1053 4225 Titnde
1074 4170 1108 4224 de
1127 4165 1224 4223 Platon
1334 4237 1341 4252 ι

207 4261 467 4335 ¹publiea...‚par
484 4260 565 4333 letdr·
587 4258 640 4321 Cb.
656 4257 1034 4328 ΒοττιαιίιοτπτΡοιίο·1848.Ι
1110 4313 1112 4317 ,
1158 4288 1193 4298 ··
