2902 4822
647 458 708 537 83.

113 652 240 718 tabulas
273 653 405 718 diverso
445 652 592 738 quamvis
631 649 765 716 notandi
804 648 940 715 eonsffio
975 649 1241 740 Aristophanem·

113 766 333 841 pertractasse
362 759 483 827 certius
513 767 649 822 constat.
704 753 799 837 Quod
831 754 917 818 enim
951 761 981 827 ς.
1013 756 1070 839 15,
1101 757 1157 821 ubi
1186 757 1227 822 de

113 864 200 927 notis
232 863 406 948 lyricorum
441 873 473 926 et
495 859 744 927 dramaticorum
764 850 939 945 poetarum
956 880 1063 926 sermo
1086 863 1161 946 fuit,
1195 866 1230 928 in

113 975 319 1029 antecessum
342 966 514 1030 ostendere
536 967 598 1028 nisi
621 985 751 1047 sumus,
786 983 869 1048 quae
899 983 1011 1029 eorum
1034 967 1227 1033 carminibus

114 1070 263 1153 apposita
278 1068 447 1132 tradantur
466 1069 556 1155 signa
569 1071 711 1149 metrica,
734 1088 772 1131 ea
791 1087 855 1131 non
880 1068 919 1131 ab
931 1069 1070 1153 antiquis
1082 1073 1226 1154 musicis,

113 1172 234 1236 nedum
245 1173 286 1236 ab
297 1174 377 1256 ipsis
390 1173 575 1238 auctoribus
594 1173 739 1255 profecta
753 1192 838 1253 esse,
860 1170 893 1235 id
910 1171 1030 1234 fontem
1041 1173 1161 1258 ipsum,
1184 1193 1226 1239 ex

56 1312 60 1323 ι
115 1277 484 1362 quoiliapromanarint‚
504 1279 678 1362 aperiendo
690 1277 850 1361 probabili
861 1278 1047 1342 coniectura
1064 1299 1126 1363 age
1137 1300 1226 1344 corn·

86 1397 89 1406 ’
114 1380 301 1462 probemus.
324 1379 469 1445 Diximus
488 1399 524 1444 ea
538 1383 629 1465 signa
647 1399 689 1443 ex
700 1379 820 1444 scholis
840 1383 1121 1463 grammaticorum
1134 1405 1226 1466 repe·

114 1483 172 1547 tita
194 1484 315 1547 videri:
338 1485 370 1547 bi
399 1488 453 1569 qui
479 1486 543 1550 sint
568 1484 620 1546 vel
648 1504 723 1547 esse
744 1483 890 1566 possint,
918 1503 1003 1547 nunc
1034 1505 1228 1568 quaeramus

115 1607 254 1652 necesse
270 1600 331 1652 est.
363 1589 473 1674 Atque
494 1600 569 1653 ante
591 1589 696 1652 omnia
726 1587 930 1669 monendum,
954 1586 1228 1670 Hephaestionem

115 1694 250 1757 istorum
274 1694 439 1777 signorum
463 1704 614 1768 auctores
636 1694 743 1776 ipsum
767 1690 896 1775 quidem
921 1692 1091 1776 ignorasse
1114 1694 1234 1779 videri,

115 1803 180 1860 non
205 1796 292 1880 quod
315 1816 427 1861 eorum
451 1797 491 1861 de
510 1796 693 1860 nominibus
712 1806 828 1878 taceat,
852 1794 911 1860 sed
929 1797 1016 1880 quod
1036 1799 1064 1862 si
1082 1819 1229 1883 comper·

116 1913 169 1965 tos
191 1901 253 1964 sibi
275 1901 450 1984 habuisset,
473 1904 506 1966 in
528 1923 602 1965 eum
628 1921 771 1965 errorem
801 1920 899 1983 supra
922 1921 940 1962 a
965 1902 1058 1966 nobis
1088 1913 1230 1969 taxatum

116 2020 181 2066 non
193 2001 370 2066 incidisset.
403 2001 454 2066 De
472 2004 574 2087 signis
592 2004 690 2086 igitur
709 2003 781 2066 istis
802 2002 1049 2067 dramaticorum
1076 2015 1229 2089 quantum

116 2105 257 2188 tradidit,
290 2106 321 2168 id
350 2126 416 2170 nou
438 2117 545 2190 potest
567 2126 632 2170 non
655 2127 696 2170 ex
724 2124 836 2170 eorum
861 2107 1121 2192 exemplaribuS,
1146 2129 1230 2195 quae

116 2210 219 2291 ipsius
257 2219 362 2274 aetate
401 2211 726 2294 circumferebantur,
768 2213 918 2296 notisque
952 2213 1108 2279 instructa
1140 2221 1231 2278 erant

117 2309 248 2374 ductum
276 2333 368 2377 esse:
403 2326 555 2397 quantum
591 2325 697 2378 autem
731 2315 772 2379 ad
804 2315 918 2380 Alcaei
951 2325 983 2378 et
1014 2316 1230 2381 Anacreontis

116 2416 275 2499 carmina,
311 2418 485 2501 editiones,
515 2418 632 2502 quibus
654 2419 821 2501 utebatur,
855 2439 874 2482 a
909 2419 1027 2503 quibus
1056 2420 1230 2485 adornatae

117 2529 246 2602 essent,
280 2521 429 2586 videlicet
458 2522 499 2584 ab
531 2521 749 2605 Aristophane
779 2533 810 2585 et
840 2522 1042 2607 Aristarcho,
1078 2525 1110 2586 in
1142 2544 1233 2590 conr.

118 2632 211 2702 porto
234 2621 383 2688 babebat.
434 2625 491 2690 His
514 2627 630 2708 positis
662 2646 759 2710 quum
790 2626 853 2690 iam
877 2627 930 2710 qui
962 2619 1070 2690 critici
1098 2627 1227 2711 suerint,

118 2743 256 2808 quorum
279 2729 423 2812 exempla
449 2730 695 2794 dramaticorum
724 2731 903 2812 inspexerit
933 2733 1107 2814 quaeritur,
1131 2753 1230 2816 appa-

117 2838 168 2890 ret
190 2831 325 2914 cogitari
346 2851 412 2895 non
434 2852 533 2915 posse
556 2833 597 2896 de
627 2834 843 2918 grammaticis
873 2833 1043 2898 Zenodoto
1072 2836 1230 2919 antiquio-

116 2932 227 3015 ribus,
264 2935 523 3019 quandoquidem
556 2937 709 3001 credibile
739 2958 803 3001 non
833 2949 903 3023 est,
938 2938 1132 3022 exemptaria
1166 2939 1231 3002 isto

115 3081 248 3090 *ια-...η
254 3083 291 3088 -,,..
299 3084 322 3088 .,..
330 3084 370 3089 ...-.
388 3085 406 3089 ..-

224 3144 298 3198 iuvat
315 3146 406 3200 locum
424 3143 588 3215 producere,
606 3145 631 3197 si
649 3160 732 3198 sanus
751 3149 802 3208 est,
814 3142 931 3202 Nauckii
951 3146 1102 3198 sententiae
1118 3143 1232 3198 mirifice
1303 3183 1307 3190 -

221 3233 367 3299 faventem,
393 3231 453 3296 sed,
476 3233 501 3286 si
520 3238 595 3284 recte
614 3232 773 3302 accipiatur,
796 3232 931 3284 contraria
950 3230 1119 3302 probantem,
1137 3229 1236 3286 Schol.

224 3320 275 3392 Eq.
298 3324 367 3374 569:
392 3319 521 3394 εὐλογῆσαι
543 3317 692 3390 βουλόμεθα]
719 3318 746 3372 τὸ
764 3314 889 3394 ἑτὶρῤημα
912 3317 998 3392 στίχων
1023 3318 1070 3373 ἐστὶ
1094 3315 1121 3380 ις’
1145 3337 1233 3393 τετρα-

222 3405 315 3480 pe'rpora
331 3414 466 3484 τροχαῖιιῶο
485 3402 656 3476 ἀκαταλήκτιον
673 3401 686 3457 ὃ
705 3403 769 3475 φιλοῖ
794 3400 958 3478 Ἀρίσταρχος.
995 3403 1047 3458 Hic
1065 3406 1147 3474 igitur
1165 3402 1232 3457 Ari·
1291 3445 1296 3460 ,

222 3495 359 3560 starchus‚
378 3495 437 3547 illic
456 3489 656 3562 Aristophanes
674 3492 880 3562 grammaticum
903 3499 1019 3561 utroque
1037 3491 1100 3545 loco
1119 3497 1232 3544 senten·

223 3583 261 3634 tia
280 3596 421 3652 perversa.
444 3577 640 3650 Reponendum
659 3595 721 3633 esse
736 3577 927 3649 Aristophanis
948 3580 1047 3632 comici
1065 3592 1165 3632 nomen
1182 3567 1261 3649 pro⁵

224 3667 387 3722 Aristarcho
405 3669 458 3721 iam
477 3667 615 3730 adnotavit
632 3666 777 3720 Kusterus.
814 3666 851 3719 Ea
877 3667 985 3719 nomina
1010 3663 1095 3735 saepe
1114 3682 1231 3720 commu·

222 3763 278 3810 tata
297 3771 362 3808 esse
381 3755 442 3824 quis
460 3752 569 3809 nescit?
617 3757 651 3805 V.
675 3751 825 3806 Bnrkerum
845 3754 873 3805 in
891 3749 986 3804 Wolfii
1011 3749 1091 3807 Anal.
1118 3752 1168 3806 litt.
1187 3750 1232 3807 Ν.

223 3858 251 3914 p,
269 3844 330 3902 545.
365 3841 494 3896 Portento
511 3833 602 3895 simile
621 3839 742 3894 ciusdem
761 3839 878 3892 nominis
893 3836 1057 3908 'exemplum
1075 3838 1232 3908 suppeditat

223 3928 384 3982 Athenaeus
406 3927 453 3982 ΙΙΙ.
479 3947 507 4001 p.
526 3931 584 3983 113.
610 3927 650 3982 D:
681 3921 750 3981 Ταῦτ’
773 3925 901 4001 indeptam
930 3924 1098 4001 τάριστάρχεια
1124 3925 1232 4002 δόγματα

221 4025 265 4071 τοῦ
281 4013 409 4087 Ῥωμαίων
428 4015 636 4091 μεγαλοσοφιστοῦ,
654 4013 701 4067 ubi
719 4013 864 4082 legendum
883 4029 947 4066 esse
964 4011 995 4065 τὰ
1015 4014 1167 4087 Χροσὶιιιισια
1182 4032 1232 4086 pro

222 4102 391 4178 τᾶριστάρχιια
413 4103 532 4157 ostendit
554 4100 720 4170 comparatio
744 4097 866 4153 eiusdem
889 4115 951 4170 pag.
969 4100 1061 4166 initio,
1089 4101 1136 4156 ubi
1158 4099 1231 4154 liber

223 4187 373 4260 chrysippi
391 4185 545 4258 Tyanensis
563 4189 736 4246 memoratur,
754 4200 790 4238 ex
808 4200 862 4254 quo
880 4192 985 4256 sumpta
1000 4185 1126 4241 dicuutur
1140 4181 1231 4238 omnia

224 4285 296 4347 quae
306 4275 548 4346 'bioexpouuntur
565 4272 695 4342 cognata
707 4269 743 4325 dc
759 4287 859 4343 panum
875 4271 1035 4342 generibus.

983 4361 1025 4425 6,
