<?xml version="1.0" encoding="UTF-8"?>
<!DOCTYPE html PUBLIC "-//W3C//DTD XHTML 1.0 Transitional//EN"
    "http://www.w3.org/TR/xhtml1/DTD/xhtml1-transitional.dtd">
<html xmlns="http://www.w3.org/1999/xhtml" xml:lang="en" lang="en">
 <head>
  <title>
</title>
<meta http-equiv="Content-Type" content="text/html;charset=utf-8" />
  <meta name='ocr-system' content='tesseract 3.04.00' />
  <meta name='ocr-capabilities' content='ocr_page ocr_carea ocr_par ocr_line ocrx_word'/>
</head>
<body>
  <div class='ocr_page' id='page_1' title='image "./anecdotumromanu00osangoog_0193.png"; bbox 0 0 2902 4822; ppageno 0'>
   <div class='ocr_carea' id='block_1_1' title="bbox 768 462 845 544">
    <p class='ocr_par' dir='ltr' id='par_1_1' title="bbox 768 462 845 544">
     <span class='ocr_line' id='line_1_1' title="bbox 768 462 845 544; baseline 0 0"><span class='ocrx_word' id='word_1_1' title='bbox 768 462 845 544; x_wconf 67' lang='lat' dir='ltr'>nan</span> 
     </span>
    </p>
   </div>
   <div class='ocr_carea' id='block_1_2' title="bbox 244 656 1363 1349">
    <p class='ocr_par' dir='ltr' id='par_1_2' title="bbox 244 656 1363 1349">
     <span class='ocr_line' id='line_1_2' title="bbox 245 656 1363 747; baseline 0.002 -24"><span class='ocrx_word' id='word_1_2' title='bbox 245 671 323 744; x_wconf 86' lang='lat' dir='ltr'>tum,</span> <span class='ocrx_word' id='word_1_3' title='bbox 335 658 510 746; x_wconf 72' lang='lat' dir='ltr'>Nicanore,</span> <span class='ocrx_word' id='word_1_4' title='bbox 526 663 579 747; x_wconf 85' lang='lat' dir='ltr'>qui</span> <span class='ocrx_word' id='word_1_5' title='bbox 593 661 756 726; x_wconf 81' lang='lat' dir='ltr'>Hadriano</span> <span class='ocrx_word' id='word_1_6' title='bbox 767 656 887 741; x_wconf 76' lang='lat' dir='ltr'>deruit,</span> <span class='ocrx_word' id='word_1_7' title='bbox 900 659 995 722; x_wconf 88' lang='lat' dir='ltr'>cuius</span> <span class='ocrx_word' id='word_1_8' title='bbox 1003 659 1051 723; x_wconf 90' lang='lat' dir='ltr'>de</span> <span class='ocrx_word' id='word_1_9' title='bbox 1063 670 1124 724; x_wconf 81' lang='lat' dir='ltr'>usn</span> <span class='ocrx_word' id='word_1_10' title='bbox 1136 660 1167 723; x_wconf 68' lang='grc' dir='ltr'>νζ</span> <span class='ocrx_word' id='word_1_11' title='bbox 1175 657 1363 729; x_wconf 60' lang='grc' dir='ltr'>Ρϊωᾱῆὀυ.</span> 
     </span>
     <span class='ocr_line' id='line_1_3' title="bbox 245 763 1361 851; baseline 0.002 -23"><span class='ocrx_word' id='word_1_12' title='bbox 245 764 357 828; x_wconf 87' lang='lat' dir='ltr'>derum</span> <span class='ocrx_word' id='word_1_13' title='bbox 380 787 409 847; x_wconf 85' lang='lat' dir='ltr'>p.</span> <span class='ocrx_word' id='word_1_14' title='bbox 432 767 484 830; x_wconf 75' lang='grc'>99.</span> <span class='ocrx_word' id='word_1_15' title='bbox 499 786 560 850; x_wconf 79' lang='lat' dir='ltr'>sq,</span> <span class='ocrx_word' id='word_1_16' title='bbox 583 768 638 829; x_wconf 85' lang='lat' dir='ltr'>vix</span> <span class='ocrx_word' id='word_1_17' title='bbox 661 765 839 848; x_wconf 82' lang='lat' dir='ltr'>antiquiust</span> <span class='ocrx_word' id='word_1_18' title='bbox 864 763 956 826; x_wconf 87' lang='lat' dir='ltr'>cuius</span> <span class='ocrx_word' id='word_1_19' title='bbox 983 765 1067 848; x_wconf 78' lang='lat' dir='ltr'>signi</span> <span class='ocrx_word' id='word_1_20' title='bbox 1087 765 1115 828; x_wconf 82' lang='lat' dir='ltr'>si</span> <span class='ocrx_word' id='word_1_21' title='bbox 1138 782 1202 849; x_wconf 78' lang='lat' dir='ltr'>qua</span> <span class='ocrx_word' id='word_1_22' title='bbox 1222 766 1361 851; x_wconf 72' lang='lat' dir='ltr'>vestigia</span> 
     </span>
     <span class='ocr_line' id='line_1_4' title="bbox 245 862 1360 953; baseline -0.001 -22"><span class='ocrx_word' id='word_1_23' title='bbox 245 868 277 931; x_wconf 90' lang='lat' dir='ltr'>in</span> <span class='ocrx_word' id='word_1_24' title='bbox 295 866 461 932; x_wconf 81' lang='lat' dir='ltr'>codicibus</span> <span class='ocrx_word' id='word_1_25' title='bbox 474 867 606 931; x_wconf 78' lang='lat' dir='ltr'>Homeri</span> <span class='ocrx_word' id='word_1_26' title='bbox 619 867 783 930; x_wconf 85' lang='lat' dir='ltr'>Marciano</span> <span class='ocrx_word' id='word_1_27' title='bbox 807 876 840 929; x_wconf 90' lang='lat' dir='ltr'>et</span> <span class='ocrx_word' id='word_1_28' title='bbox 862 866 972 929; x_wconf 84' lang='lat' dir='ltr'>Ambr.</span> <span class='ocrx_word' id='word_1_29' title='bbox 1002 866 1040 948; x_wconf 78' lang='lat' dir='ltr'>Q.</span> <span class='ocrx_word' id='word_1_30' title='bbox 1063 862 1360 953; x_wconf 81' lang='lat' dir='ltr'>deprehenduntur,</span> 
     </span>
     <span class='ocr_line' id='line_1_5' title="bbox 245 961 1362 1055; baseline 0.001 -19"><span class='ocrx_word' id='word_1_31' title='bbox 245 961 528 1036; x_wconf 83' lang='lat' dir='ltr'>aFriediaendero</span> <span class='ocrx_word' id='word_1_32' title='bbox 545 993 576 1055; x_wconf 86' lang='lat' dir='ltr'>p.</span> <span class='ocrx_word' id='word_1_33' title='bbox 591 972 649 1035; x_wconf 88' lang='lat'>101</span> <span class='ocrx_word' id='word_1_34' title='bbox 666 981 785 1053; x_wconf 90' lang='lat' dir='ltr'>notata,</span> <span class='ocrx_word' id='word_1_35' title='bbox 809 990 847 1032; x_wconf 88' lang='lat' dir='ltr'>ea</span> <span class='ocrx_word' id='word_1_36' title='bbox 867 969 999 1034; x_wconf 84' lang='lat' dir='ltr'>scholae</span> <span class='ocrx_word' id='word_1_37' title='bbox 1016 972 1205 1036; x_wconf 75' lang='lat' dir='ltr'>criticorum</span> <span class='ocrx_word' id='word_1_38' title='bbox 1220 972 1362 1037; x_wconf 61' lang='lat' dir='ltr'>Alexin·</span> 
     </span>
     <span class='ocr_line' id='line_1_6' title="bbox 246 1073 1360 1160; baseline -0.001 -19"><span class='ocrx_word' id='word_1_39' title='bbox 246 1077 411 1141; x_wconf 90' lang='lat' dir='ltr'>drinorum</span> <span class='ocrx_word' id='word_1_40' title='bbox 434 1077 545 1141; x_wconf 84' lang='lat' dir='ltr'>deberi</span> <span class='ocrx_word' id='word_1_41' title='bbox 568 1096 631 1140; x_wconf 91' lang='lat' dir='ltr'>non</span> <span class='ocrx_word' id='word_1_42' title='bbox 656 1077 761 1139; x_wconf 87' lang='lat' dir='ltr'>solum</span> <span class='ocrx_word' id='word_1_43' title='bbox 785 1073 870 1138; x_wconf 84' lang='lat' dir='ltr'>nulla</span> <span class='ocrx_word' id='word_1_44' title='bbox 893 1095 1011 1139; x_wconf 80' lang='lat' dir='ltr'>caussa</span> <span class='ocrx_word' id='word_1_45' title='bbox 1034 1087 1085 1140; x_wconf 91' lang='lat' dir='ltr'>est</span> <span class='ocrx_word' id='word_1_46' title='bbox 1108 1088 1143 1141; x_wconf 90' lang='lat' dir='ltr'>ut</span> <span class='ocrx_word' id='word_1_47' title='bbox 1164 1079 1360 1160; x_wconf 71' lang='lat' dir='ltr'>statuamus,</span> 
     </span>
     <span class='ocr_line' id='line_1_7' title="bbox 245 1176 1360 1264; baseline 0.001 -22"><span class='ocrx_word' id='word_1_48' title='bbox 245 1179 303 1243; x_wconf 88' lang='lat' dir='ltr'>sed</span> <span class='ocrx_word' id='word_1_49' title='bbox 325 1181 443 1244; x_wconf 91' lang='lat' dir='ltr'>novitia</span> <span class='ocrx_word' id='word_1_50' title='bbox 465 1201 503 1244; x_wconf 89' lang='lat' dir='ltr'>ea</span> <span class='ocrx_word' id='word_1_51' title='bbox 521 1195 596 1244; x_wconf 86' lang='lat' dir='ltr'>esse</span> <span class='ocrx_word' id='word_1_52' title='bbox 614 1199 654 1242; x_wconf 87' lang='lat' dir='ltr'>eo</span> <span class='ocrx_word' id='word_1_53' title='bbox 670 1178 889 1264; x_wconf 78' lang='lat' dir='ltr'>cognoscitur,</span> <span class='ocrx_word' id='word_1_54' title='bbox 910 1177 998 1261; x_wconf 89' lang='lat' dir='ltr'>quod</span> <span class='ocrx_word' id='word_1_55' title='bbox 1014 1178 1084 1242; x_wconf 89' lang='lat' dir='ltr'>eius</span> <span class='ocrx_word' id='word_1_56' title='bbox 1109 1179 1193 1264; x_wconf 80' lang='lat' dir='ltr'>signi</span> <span class='ocrx_word' id='word_1_57' title='bbox 1206 1180 1239 1242; x_wconf 90' lang='lat' dir='ltr'>in</span> <span class='ocrx_word' id='word_1_58' title='bbox 1256 1176 1360 1243; x_wconf 78' lang='lat' dir='ltr'>Sebo-</span> 
     </span>
     <span class='ocr_line' id='line_1_8' title="bbox 244 1279 1315 1349; baseline -0.001 -3"><span class='ocrx_word' id='word_1_59' title='bbox 244 1283 296 1349; x_wconf 87' lang='lat' dir='ltr'>iiis</span> <span class='ocrx_word' id='word_1_60' title='bbox 320 1281 428 1348; x_wconf 84' lang='lat' dir='ltr'>iliadis</span> <span class='ocrx_word' id='word_1_61' title='bbox 450 1284 490 1348; x_wconf 93' lang='lat' dir='ltr'>ab</span> <span class='ocrx_word' id='word_1_62' title='bbox 514 1283 577 1348; x_wconf 88' lang='lat' dir='ltr'>aiio</span> <span class='ocrx_word' id='word_1_63' title='bbox 600 1282 688 1348; x_wconf 88' lang='lat' dir='ltr'>nulio</span> <span class='ocrx_word' id='word_1_64' title='bbox 712 1284 772 1347; x_wconf 88' lang='lat' dir='ltr'>nisi</span> <span class='ocrx_word' id='word_1_65' title='bbox 796 1303 813 1346; x_wconf 90' lang='lat' dir='ltr'>a</span> <span class='ocrx_word' id='word_1_66' title='bbox 836 1279 999 1346; x_wconf 85' lang='lat' dir='ltr'>Nicanore</span> <span class='ocrx_word' id='word_1_67' title='bbox 1020 1285 1140 1348; x_wconf 85' lang='lat' dir='ltr'>mentio</span> <span class='ocrx_word' id='word_1_68' title='bbox 1163 1284 1315 1349; x_wconf 80' lang='lat' dir='ltr'>iniicitur.</span> 
     </span>
    </p>
   </div>
   <div class='ocr_carea' id='block_1_3' title="bbox 744 1438 853 1510">
    <p class='ocr_par' dir='ltr' id='par_1_3' title="bbox 744 1438 853 1510">
     <span class='ocr_line' id='line_1_9' title="bbox 744 1438 853 1510; baseline 0.009 -10"><span class='ocrx_word' id='word_1_69' title='bbox 744 1445 773 1510; x_wconf 75' lang='lat' dir='ltr'>S.</span> <span class='ocrx_word' id='word_1_70' title='bbox 801 1438 853 1501; x_wconf 83' lang='lat'>56.</span> 
     </span>
    </p>
   </div>
   <div class='ocr_carea' id='block_1_4' title="bbox 266 1538 1335 1649">
    <p class='ocr_par' dir='ltr' id='par_1_4' title="bbox 266 1538 1335 1649">
     <span class='ocr_line' id='line_1_10' title="bbox 266 1538 1335 1649; baseline 0.001 -29"><span class='ocrx_word' id='word_1_71' title='bbox 266 1565 318 1620; x_wconf 79' lang='lat' dir='ltr'>Dc</span> <span class='ocrx_word' id='word_1_72' title='bbox 340 1564 470 1637; x_wconf 81' lang='lat' dir='ltr'>signis</span> <span class='ocrx_word' id='word_1_73' title='bbox 493 1563 689 1621; x_wconf 72' lang='lat' dir='ltr'>nonnulli·</span> <span class='ocrx_word' id='word_1_74' title='bbox 711 1561 918 1633; x_wconf 87' lang='lat' dir='ltr'>potestatis</span> <span class='ocrx_word' id='word_1_75' title='bbox 940 1563 1143 1639; x_wconf 80' lang='lat' dir='ltr'>obscurae,</span> <span class='ocrx_word' id='word_1_76' title='bbox 1167 1538 1335 1649; x_wconf 70' lang='lat' dir='ltr'>exemplo</span> 
     </span>
    </p>
   </div>
   <div class='ocr_carea' id='block_1_5' title="bbox 545 1666 1052 1737">
    <p class='ocr_par' dir='ltr' id='par_1_5' title="bbox 545 1666 1052 1737">
     <span class='ocr_line' id='line_1_11' title="bbox 545 1666 1052 1737; baseline 0.01 -14"><span class='ocrx_word' id='word_1_77' title='bbox 545 1668 679 1724; x_wconf 76' lang='lat' dir='ltr'>Iliadis</span> <span class='ocrx_word' id='word_1_78' title='bbox 702 1669 845 1723; x_wconf 88' lang='lat' dir='ltr'>Veneto</span> <span class='ocrx_word' id='word_1_79' title='bbox 873 1666 1052 1737; x_wconf 81' lang='lat' dir='ltr'>appictis.</span> 
     </span>
    </p>
   </div>
   <div class='ocr_carea' id='block_1_6' title="bbox 240 1801 1387 2834">
    <p class='ocr_par' dir='ltr' id='par_1_6' title="bbox 241 1801 1387 2507">
     <span class='ocr_line' id='line_1_12' title="bbox 329 1801 1357 1886; baseline 0.002 -19"><span class='ocrx_word' id='word_1_80' title='bbox 329 1802 371 1867; x_wconf 92' lang='lat' dir='ltr'>Ut</span> <span class='ocrx_word' id='word_1_81' title='bbox 400 1801 477 1866; x_wconf 87' lang='lat' dir='ltr'>nihii</span> <span class='ocrx_word' id='word_1_82' title='bbox 500 1801 638 1886; x_wconf 90' lang='lat' dir='ltr'>denique</span> <span class='ocrx_word' id='word_1_83' title='bbox 671 1803 821 1866; x_wconf 88' lang='lat' dir='ltr'>omisisse</span> <span class='ocrx_word' id='word_1_84' title='bbox 844 1820 972 1886; x_wconf 80' lang='lat' dir='ltr'>argum,</span> <span class='ocrx_word' id='word_1_85' title='bbox 1005 1802 1092 1886; x_wconf 86' lang='lat' dir='ltr'>quod</span> <span class='ocrx_word' id='word_1_86' title='bbox 1125 1803 1166 1866; x_wconf 87' lang='lat' dir='ltr'>ad</span> <span class='ocrx_word' id='word_1_87' title='bbox 1194 1804 1263 1868; x_wconf 73' lang='lat' dir='ltr'>rent</span> <span class='ocrx_word' id='word_1_88' title='bbox 1281 1802 1357 1869; x_wconf 63' lang='lat' dir='ltr'>did*</span> 
     </span>
     <span class='ocr_line' id='line_1_13' title="bbox 244 1903 1356 1992; baseline 0.002 -24"><span class='ocrx_word' id='word_1_89' title='bbox 244 1905 407 1968; x_wconf 77' lang='lat' dir='ltr'>strandum</span> <span class='ocrx_word' id='word_1_90' title='bbox 431 1906 590 1987; x_wconf 86' lang='lat' dir='ltr'>pertinere</span> <span class='ocrx_word' id='word_1_91' title='bbox 613 1904 715 1968; x_wconf 90' lang='lat' dir='ltr'>videri</span> <span class='ocrx_word' id='word_1_92' title='bbox 738 1906 860 1987; x_wconf 85' lang='lat' dir='ltr'>possit,</span> <span class='ocrx_word' id='word_1_93' title='bbox 883 1903 987 1968; x_wconf 89' lang='lat' dir='ltr'>verbo</span> <span class='ocrx_word' id='word_1_94' title='bbox 1009 1906 1180 1969; x_wconf 90' lang='lat' dir='ltr'>dicendum</span> <span class='ocrx_word' id='word_1_95' title='bbox 1197 1905 1356 1992; x_wconf 66' lang='lat' dir='ltr'>desipuit</span> 
     </span>
     <span class='ocr_line' id='line_1_14' title="bbox 243 2005 1387 2097; baseline 0.003 -27"><span class='ocrx_word' id='word_1_96' title='bbox 243 2006 422 2088; x_wconf 85' lang='lat' dir='ltr'>nonnullis,</span> <span class='ocrx_word' id='word_1_97' title='bbox 454 2028 537 2091; x_wconf 90' lang='lat' dir='ltr'>quae</span> <span class='ocrx_word' id='word_1_98' title='bbox 559 2026 624 2071; x_wconf 92' lang='lat' dir='ltr'>uuo</span> <span class='ocrx_word' id='word_1_99' title='bbox 646 2017 732 2071; x_wconf 86' lang='lat' dir='ltr'>teste</span> <span class='ocrx_word' id='word_1_100' title='bbox 753 2005 989 2071; x_wconf 85' lang='lat' dir='ltr'>Siebenkeesio</span> <span class='ocrx_word' id='word_1_101' title='bbox 1013 2007 1105 2091; x_wconf 83' lang='lat' dir='ltr'>[nam</span> <span class='ocrx_word' id='word_1_102' title='bbox 1135 2009 1220 2092; x_wconf 87' lang='lat' dir='ltr'>apud</span> <span class='ocrx_word' id='word_1_103' title='bbox 1244 2007 1355 2074; x_wconf 75' lang='lat' dir='ltr'>Vittut—</span> <span class='ocrx_word' id='word_1_104' title='bbox 1383 2092 1387 2097; x_wconf 88' lang='lat'>.</span> 
     </span>
     <span class='ocr_line' id='line_1_15' title="bbox 244 2109 1358 2194; baseline 0.007 -19"><span class='ocrx_word' id='word_1_105' title='bbox 244 2128 359 2175; x_wconf 87' lang='lat' dir='ltr'>sonum</span> <span class='ocrx_word' id='word_1_106' title='bbox 384 2109 460 2172; x_wconf 87' lang='lat' dir='ltr'>nihii</span> <span class='ocrx_word' id='word_1_107' title='bbox 484 2112 553 2175; x_wconf 87' lang='lat' dir='ltr'>eius</span> <span class='ocrx_word' id='word_1_108' title='bbox 577 2112 623 2173; x_wconf 92' lang='lat' dir='ltr'>rei</span> <span class='ocrx_word' id='word_1_109' title='bbox 646 2122 788 2174; x_wconf 86' lang='lat' dir='ltr'>notatum</span> <span class='ocrx_word' id='word_1_110' title='bbox 810 2113 951 2194; x_wconf 78' lang='lat' dir='ltr'>reponio)</span> <span class='ocrx_word' id='word_1_111' title='bbox 974 2114 1006 2176; x_wconf 93' lang='lat' dir='ltr'>in</span> <span class='ocrx_word' id='word_1_112' title='bbox 1028 2111 1282 2179; x_wconf 86' lang='lat' dir='ltr'>codiee-Veneto</span> <span class='ocrx_word' id='word_1_113' title='bbox 1300 2112 1358 2183; x_wconf 80' lang='lat' dir='ltr'>:bic</span> 
     </span>
     <span class='ocr_line' id='line_1_16' title="bbox 242 2214 1357 2302; baseline 0.004 -25"><span class='ocrx_word' id='word_1_114' title='bbox 242 2215 307 2279; x_wconf 79' lang='lat' dir='ltr'>iilic</span> <span class='ocrx_word' id='word_1_115' title='bbox 330 2216 491 2298; x_wconf 89' lang='lat' dir='ltr'>adscripta</span> <span class='ocrx_word' id='word_1_116' title='bbox 515 2226 599 2277; x_wconf 89' lang='lat' dir='ltr'>sunt.</span> <span class='ocrx_word' id='word_1_117' title='bbox 636 2214 762 2277; x_wconf 82' lang='lat' dir='ltr'>Etenim</span> <span class='ocrx_word' id='word_1_118' title='bbox 778 2215 854 2297; x_wconf 80' lang='lat' dir='ltr'>iiie,</span> <span class='ocrx_word' id='word_1_119' title='bbox 878 2228 1090 2302; x_wconf 75' lang='lat' dir='ltr'>posteaquam</span> <span class='ocrx_word' id='word_1_120' title='bbox 1114 2217 1155 2280; x_wconf 86' lang='lat' dir='ltr'>de</span> <span class='ocrx_word' id='word_1_121' title='bbox 1181 2218 1269 2283; x_wconf 78' lang='lat' dir='ltr'>nutis</span> <span class='ocrx_word' id='word_1_122' title='bbox 1285 2218 1357 2283; x_wconf 73' lang='lat' dir='ltr'>nnc</span> 
     </span>
     <span class='ocr_line' id='line_1_17' title="bbox 243 2308 1354 2407; baseline 0.001 -23"><span class='ocrx_word' id='word_1_123' title='bbox 243 2308 372 2400; x_wconf 85' lang='lat' dir='ltr'>criticis,</span> <span class='ocrx_word' id='word_1_124' title='bbox 396 2338 478 2402; x_wconf 82' lang='lat' dir='ltr'>qrrue</span> <span class='ocrx_word' id='word_1_125' title='bbox 497 2319 652 2383; x_wconf 85' lang='lat' dir='ltr'>hactenus</span> <span class='ocrx_word' id='word_1_126' title='bbox 665 2319 944 2403; x_wconf 83' lang='lat' dir='ltr'>perlustravimus,</span> <span class='ocrx_word' id='word_1_127' title='bbox 966 2322 1066 2385; x_wconf 88' lang='lat' dir='ltr'>verba</span> <span class='ocrx_word' id='word_1_128' title='bbox 1080 2321 1167 2402; x_wconf 83' lang='lat' dir='ltr'>iecit,</span> <span class='ocrx_word' id='word_1_129' title='bbox 1189 2322 1233 2385; x_wconf 90' lang='lat' dir='ltr'>ita</span> <span class='ocrx_word' id='word_1_130' title='bbox 1248 2318 1354 2407; x_wconf 67' lang='lat' dir='ltr'>pergit</span> 
     </span>
     <span class='ocr_line' id='line_1_18' title="bbox 241 2418 791 2507; baseline 0 -24"><span class='ocrx_word' id='word_1_131' title='bbox 241 2441 272 2504; x_wconf 88' lang='lat' dir='ltr'>p.</span> <span class='ocrx_word' id='word_1_132' title='bbox 298 2420 355 2484; x_wconf 77' lang='lat' dir='ltr'>te:</span> <span class='ocrx_word' id='word_1_133' title='bbox 394 2419 473 2483; x_wconf 67' lang='lat' dir='ltr'>»Die</span> <span class='ocrx_word' id='word_1_134' title='bbox 495 2420 630 2507; x_wconf 84' lang='lat' dir='ltr'>irbrigeu</span> <span class='ocrx_word' id='word_1_135' title='bbox 651 2418 791 2485; x_wconf 89' lang='lat' dir='ltr'>Zeichen</span> 
     </span>
    </p>

    <p class='ocr_par' dir='ltr' id='par_1_7' title="bbox 240 2524 1360 2834">
     <span class='ocr_line' id='line_1_19' title="bbox 430 2524 1178 2667; baseline 0.007 -53"><span class='ocrx_word' id='word_1_136' title='bbox 430 2524 481 2616; x_wconf 52' lang='lat' dir='ltr'>b!</span> <span class='ocrx_word' id='word_1_137' title='bbox 595 2532 662 2596; x_wconf 43' lang='grc' dir='ltr'>χ’]</span> <span class='ocrx_word' id='word_1_138' title='bbox 756 2550 794 2645; x_wconf 58' lang='grc' dir='ltr'>Α</span> <span class='ocrx_word' id='word_1_139' title='bbox 866 2586 906 2667; x_wconf 44' lang='lat'>4-</span> <span class='ocrx_word' id='word_1_140' title='bbox 980 2595 1017 2637; x_wconf 48' lang='lat'>‚2-</span> <span class='ocrx_word' id='word_1_141' title='bbox 1041 2592 1051 2618; x_wconf 76' lang='grc' dir='ltr'><strong>ε</strong></span> <span class='ocrx_word' id='word_1_142' title='bbox 1128 2595 1178 2640; x_wconf 69' lang='grc' dir='ltr'>Ν</span> 
     </span>
     <span class='ocr_line' id='line_1_20' title="bbox 430 2629 1046 2727; baseline 0.01 -4"><span class='ocrx_word' id='word_1_143' title='bbox 430 2635 480 2727; x_wconf 72' lang='lat' dir='ltr'>si</span> <span class='ocrx_word' id='word_1_144' title='bbox 571 2630 621 2691; x_wconf 78' lang='lat'>·&#39;·</span> <span class='ocrx_word' id='word_1_145' title='bbox 651 2629 682 2693; x_wconf 73' lang='lat'>&#39;·</span> <span class='ocrx_word' id='word_1_146' title='bbox 769 2665 785 2699; x_wconf 86' lang='lat'>⁰</span> <span class='ocrx_word' id='word_1_147' title='bbox 997 2642 1046 2670; x_wconf 86' lang='lat'>’‘</span> 
     </span>
     <span class='ocr_line' id='line_1_21' title="bbox 240 2746 1360 2834; baseline 0.004 -22"><span class='ocrx_word' id='word_1_148' title='bbox 240 2747 439 2812; x_wconf 82' lang='lat' dir='ltr'>bezeichnen</span> <span class='ocrx_word' id='word_1_149' title='bbox 468 2748 578 2812; x_wconf 86' lang='lat' dir='ltr'>blosse</span> <span class='ocrx_word' id='word_1_150' title='bbox 602 2746 793 2811; x_wconf 80' lang='lat' dir='ltr'>erkiireude</span> <span class='ocrx_word' id='word_1_151' title='bbox 816 2746 989 2834; x_wconf 86' lang='lat' dir='ltr'>Schoiien,</span> <span class='ocrx_word' id='word_1_152' title='bbox 1021 2752 1087 2815; x_wconf 90' lang='lat' dir='ltr'>und</span> <span class='ocrx_word' id='word_1_153' title='bbox 1109 2753 1216 2818; x_wconf 89' lang='lat' dir='ltr'>haben</span> <span class='ocrx_word' id='word_1_154' title='bbox 1235 2750 1360 2817; x_wconf 76' lang='lat' dir='ltr'>ketner</span> 
     </span>
    </p>
   </div>
   <div class='ocr_carea' id='block_1_7' title="bbox 237 2850 1356 4385">
    <p class='ocr_par' dir='ltr' id='par_1_8' title="bbox 237 2850 1356 4385">
     <span class='ocr_line' id='line_1_22' title="bbox 240 2850 1296 2941; baseline 0.002 -24"><span class='ocrx_word' id='word_1_155' title='bbox 240 2852 416 2918; x_wconf 87' lang='lat' dir='ltr'>kritisohen</span> <span class='ocrx_word' id='word_1_156' title='bbox 442 2850 589 2917; x_wconf 70' lang='lat' dir='ltr'>Werth.t</span> <span class='ocrx_word' id='word_1_157' title='bbox 636 2851 726 2914; x_wconf 87' lang='lat' dir='ltr'>Haec</span> <span class='ocrx_word' id='word_1_158' title='bbox 758 2852 855 2935; x_wconf 79' lang='lat' dir='ltr'>paulo</span> <span class='ocrx_word' id='word_1_159' title='bbox 879 2853 1049 2919; x_wconf 88' lang='lat' dir='ltr'>obscurius</span> <span class='ocrx_word' id='word_1_160' title='bbox 1071 2856 1296 2941; x_wconf 82' lang='lat' dir='ltr'>pronuntiata,</span> 
     </span>
     <span class='ocr_line' id='line_1_23' title="bbox 242 2954 1354 3045; baseline 0.005 -25"><span class='ocrx_word' id='word_1_161' title='bbox 242 2976 314 3020; x_wconf 90' lang='lat' dir='ltr'>eam</span> <span class='ocrx_word' id='word_1_162' title='bbox 337 2958 401 3021; x_wconf 90' lang='lat' dir='ltr'>vim</span> <span class='ocrx_word' id='word_1_163' title='bbox 423 2956 553 3037; x_wconf 89' lang='lat' dir='ltr'>habent,</span> <span class='ocrx_word' id='word_1_164' title='bbox 584 2965 618 3018; x_wconf 93' lang='lat' dir='ltr'>nt</span> <span class='ocrx_word' id='word_1_165' title='bbox 641 2954 777 3039; x_wconf 81' lang='lat' dir='ltr'>singulis</span> <span class='ocrx_word' id='word_1_166' title='bbox 801 2954 952 3039; x_wconf 82' lang='lat' dir='ltr'>Schoiiis,</span> <span class='ocrx_word' id='word_1_167' title='bbox 984 2957 1121 3042; x_wconf 87' lang='lat' dir='ltr'>quaein</span> <span class='ocrx_word' id='word_1_168' title='bbox 1144 2980 1232 3025; x_wconf 84' lang='lat' dir='ltr'>mera</span> <span class='ocrx_word' id='word_1_169' title='bbox 1253 2956 1354 3045; x_wconf 74' lang='lat' dir='ltr'>0pr-</span> 
     </span>
     <span class='ocr_line' id='line_1_24' title="bbox 242 3059 1353 3145; baseline 0.001 -21"><span class='ocrx_word' id='word_1_170' title='bbox 242 3063 368 3125; x_wconf 89' lang='lat' dir='ltr'>catione</span> <span class='ocrx_word' id='word_1_171' title='bbox 401 3070 592 3142; x_wconf 85' lang='lat' dir='ltr'>versentur,</span> <span class='ocrx_word' id='word_1_172' title='bbox 628 3059 686 3122; x_wconf 88' lang='lat' dir='ltr'>ista</span> <span class='ocrx_word' id='word_1_173' title='bbox 722 3059 813 3142; x_wconf 83' lang='lat' dir='ltr'>signa</span> <span class='ocrx_word' id='word_1_174' title='bbox 848 3061 996 3142; x_wconf 85' lang='lat' dir='ltr'>apposita</span> <span class='ocrx_word' id='word_1_175' title='bbox 1031 3060 1195 3145; x_wconf 85' lang='lat' dir='ltr'>dicautur,</span> <span class='ocrx_word' id='word_1_176' title='bbox 1237 3060 1280 3125; x_wconf 86' lang='lat' dir='ltr'>ab</span> <span class='ocrx_word' id='word_1_177' title='bbox 1312 3070 1353 3125; x_wconf 80' lang='lat' dir='ltr'>eo</span> 
     </span>
     <span class='ocr_line' id='line_1_25' title="bbox 241 3154 1351 3247; baseline -0.001 -21"><span class='ocrx_word' id='word_1_178' title='bbox 241 3154 379 3246; x_wconf 84' lang='lat' dir='ltr'>genere,</span> <span class='ocrx_word' id='word_1_179' title='bbox 404 3163 490 3247; x_wconf 91' lang='lat' dir='ltr'>quod</span> <span class='ocrx_word' id='word_1_180' title='bbox 514 3172 703 3242; x_wconf 88' lang='lat' dir='ltr'>tractamus,</span> <span class='ocrx_word' id='word_1_181' title='bbox 738 3172 880 3243; x_wconf 90' lang='lat' dir='ltr'>tumre,</span> <span class='ocrx_word' id='word_1_182' title='bbox 914 3172 980 3224; x_wconf 88' lang='lat' dir='ltr'>tum</span> <span class='ocrx_word' id='word_1_183' title='bbox 1004 3162 1099 3225; x_wconf 87' lang='lat' dir='ltr'>etiam</span> <span class='ocrx_word' id='word_1_184' title='bbox 1120 3162 1192 3247; x_wconf 81' lang='lat' dir='ltr'>ipsa</span> <span class='ocrx_word' id='word_1_185' title='bbox 1215 3161 1351 3247; x_wconf 74' lang='lat' dir='ltr'>ungine,</span> 
     </span>
     <span class='ocr_line' id='line_1_26' title="bbox 241 3265 1351 3350; baseline 0 -21"><span class='ocrx_word' id='word_1_186' title='bbox 241 3276 323 3349; x_wconf 86' lang='lat' dir='ltr'>quae</span> <span class='ocrx_word' id='word_1_187' title='bbox 344 3265 442 3350; x_wconf 85' lang='lat' dir='ltr'>longe</span> <span class='ocrx_word' id='word_1_188' title='bbox 466 3265 654 3328; x_wconf 86' lang='lat' dir='ltr'>recentioris</span> <span class='ocrx_word' id='word_1_189' title='bbox 686 3265 841 3347; x_wconf 87' lang='lat' dir='ltr'>temporis</span> <span class='ocrx_word' id='word_1_190' title='bbox 863 3266 969 3347; x_wconf 86' lang='lat' dir='ltr'>putari</span> <span class='ocrx_word' id='word_1_191' title='bbox 999 3265 1104 3348; x_wconf 90' lang='lat' dir='ltr'>debet,</span> <span class='ocrx_word' id='word_1_192' title='bbox 1132 3266 1236 3330; x_wconf 85' lang='lat' dir='ltr'>aliena</span> <span class='ocrx_word' id='word_1_193' title='bbox 1266 3266 1351 3329; x_wconf 74' lang='lat' dir='ltr'>siniit.</span> 
     </span>
     <span class='ocr_line' id='line_1_27' title="bbox 240 3360 1351 3453; baseline -0.003 -20"><span class='ocrx_word' id='word_1_194' title='bbox 240 3366 406 3453; x_wconf 88' lang='lat' dir='ltr'>Suspicari</span> <span class='ocrx_word' id='word_1_195' title='bbox 419 3381 525 3432; x_wconf 87' lang='lat' dir='ltr'>tamen</span> <span class='ocrx_word' id='word_1_196' title='bbox 545 3360 632 3449; x_wconf 90' lang='lat' dir='ltr'>licet,</span> <span class='ocrx_word' id='word_1_197' title='bbox 656 3386 720 3431; x_wconf 93' lang='lat' dir='ltr'>uno</span> <span class='ocrx_word' id='word_1_198' title='bbox 732 3368 846 3432; x_wconf 91' lang='lat' dir='ltr'>horum</span> <span class='ocrx_word' id='word_1_199' title='bbox 860 3366 977 3450; x_wconf 85' lang='lat' dir='ltr'>aliquo,</span> <span class='ocrx_word' id='word_1_200' title='bbox 1003 3377 1036 3430; x_wconf 93' lang='lat' dir='ltr'>ut</span> <span class='ocrx_word' id='word_1_201' title='bbox 1053 3370 1179 3452; x_wconf 86' lang='lat' dir='ltr'>opinor,</span> <span class='ocrx_word' id='word_1_202' title='bbox 1203 3372 1351 3433; x_wconf 67' lang='lat' dir='ltr'>macno</span> 
     </span>
     <span class='ocr_line' id='line_1_28' title="bbox 240 3456 1351 3558; baseline -0.004 -22"><span class='ocrx_word' id='word_1_203' title='bbox 240 3471 425 3558; x_wconf 83' lang='lat' dir='ltr'>coronidem</span> <span class='ocrx_word' id='word_1_204' title='bbox 444 3471 644 3555; x_wconf 76' lang='lat' dir='ltr'>designatum</span> <span class='ocrx_word' id='word_1_205' title='bbox 668 3491 752 3535; x_wconf 85' lang='lat' dir='ltr'>esse.</span> <span class='ocrx_word' id='word_1_206' title='bbox 788 3470 896 3555; x_wconf 74' lang='lat' dir='ltr'>Atque</span> <span class='ocrx_word' id='word_1_207' title='bbox 918 3488 1015 3533; x_wconf 93' lang='lat' dir='ltr'>unum</span> <span class='ocrx_word' id='word_1_208' title='bbox 1039 3469 1216 3535; x_wconf 78' lang='lat' dir='ltr'>alterumve</span> <span class='ocrx_word' id='word_1_209' title='bbox 1238 3456 1351 3534; x_wconf 67' lang='lat' dir='ltr'>maun</span> 
     </span>
     <span class='ocr_line' id='line_1_29' title="bbox 239 3562 1356 3661; baseline -0.004 -22"><span class='ocrx_word' id='word_1_210' title='bbox 239 3577 404 3661; x_wconf 84' lang='lat' dir='ltr'>signdrttm</span> <span class='ocrx_word' id='word_1_211' title='bbox 438 3576 623 3658; x_wconf 85' lang='lat' dir='ltr'>respexisse</span> <span class='ocrx_word' id='word_1_212' title='bbox 654 3575 782 3638; x_wconf 88' lang='lat' dir='ltr'>videtur</span> <span class='ocrx_word' id='word_1_213' title='bbox 804 3571 1014 3654; x_wconf 88' lang='lat' dir='ltr'>Villcisonus,</span> <span class='ocrx_word' id='word_1_214' title='bbox 1041 3592 1142 3656; x_wconf 82' lang='lat' dir='ltr'>quum</span> <span class='ocrx_word' id='word_1_215' title='bbox 1162 3562 1356 3636; x_wconf 59' lang='lat' dir='ltr'>coronidem·</span> 
     </span>
     <span class='ocr_line' id='line_1_30' title="bbox 238 3671 1351 3760; baseline -0.003 -20"><span class='ocrx_word' id='word_1_216' title='bbox 238 3678 270 3740; x_wconf 85' lang='lat' dir='ltr'>in</span> <span class='ocrx_word' id='word_1_217' title='bbox 305 3679 345 3742; x_wconf 89' lang='lat' dir='ltr'>iis</span> <span class='ocrx_word' id='word_1_218' title='bbox 379 3678 463 3741; x_wconf 85' lang='lat' dir='ltr'>notis</span> <span class='ocrx_word' id='word_1_219' title='bbox 498 3688 741 3759; x_wconf 85' lang='lat' dir='ltr'>eunumeraret,</span> <span class='ocrx_word' id='word_1_220' title='bbox 783 3693 866 3760; x_wconf 82' lang='lat' dir='ltr'>quae</span> <span class='ocrx_word' id='word_1_221' title='bbox 901 3673 988 3738; x_wconf 80' lang='lat' dir='ltr'>niani</span> <span class='ocrx_word' id='word_1_222' title='bbox 1021 3671 1166 3738; x_wconf 85' lang='lat' dir='ltr'>Venetae</span> <span class='ocrx_word' id='word_1_223' title='bbox 1200 3675 1351 3758; x_wconf 64' lang='lat' dir='ltr'>oppinio&amp;</span> 
     </span>
     <span class='ocr_line' id='line_1_31' title="bbox 242 3772 1350 3866; baseline -0.002 -21"><span class='ocrx_word' id='word_1_224' title='bbox 242 3772 570 3866; x_wconf 84' lang='lat' dir='ltr'>deprehenderentur,</span> <span class='ocrx_word' id='word_1_225' title='bbox 601 3781 723 3845; x_wconf 84' lang='lat' dir='ltr'>Anccd.</span> <span class='ocrx_word' id='word_1_226' title='bbox 759 3777 814 3844; x_wconf 85' lang='lat' dir='ltr'>Gr.</span> <span class='ocrx_word' id='word_1_227' title='bbox 837 3778 873 3842; x_wconf 83' lang='lat' dir='ltr'>T.</span> <span class='ocrx_word' id='word_1_228' title='bbox 896 3779 933 3842; x_wconf 88' lang='grc'>11.</span> <span class='ocrx_word' id='word_1_229' title='bbox 959 3796 988 3862; x_wconf 88' lang='lat' dir='ltr'>p.</span> <span class='ocrx_word' id='word_1_230' title='bbox 1020 3779 1091 3842; x_wconf 62' lang='lat'>183</span> <span class='ocrx_word' id='word_1_231' title='bbox 1132 3778 1210 3862; x_wconf 76' lang='lat' dir='ltr'>&#39;Qua</span> <span class='ocrx_word' id='word_1_232' title='bbox 1241 3778 1288 3843; x_wconf 82' lang='lat' dir='ltr'>de·</span> <span class='ocrx_word' id='word_1_233' title='bbox 1308 3790 1350 3843; x_wconf 71' lang='grc' dir='ltr'>’κ</span> 
     </span>
     <span class='ocr_line' id='line_1_32' title="bbox 238 3878 1350 3967; baseline -0.004 -18"><span class='ocrx_word' id='word_1_234' title='bbox 238 3896 328 3949; x_wconf 86' lang='lat' dir='ltr'>certo</span> <span class='ocrx_word' id='word_1_235' title='bbox 351 3893 425 3947; x_wconf 87' lang='lat' dir='ltr'>ante</span> <span class='ocrx_word' id='word_1_236' title='bbox 448 3883 582 3947; x_wconf 86' lang='lat' dir='ltr'>iudicari</span> <span class='ocrx_word' id='word_1_237' title='bbox 605 3902 667 3946; x_wconf 93' lang='lat' dir='ltr'>non</span> <span class='ocrx_word' id='word_1_238' title='bbox 692 3885 820 3965; x_wconf 85' lang='lat' dir='ltr'>poterit,</span> <span class='ocrx_word' id='word_1_239' title='bbox 844 3892 941 3967; x_wconf 74' lang='lat' dir='ltr'>qnam</span> <span class='ocrx_word' id='word_1_240' title='bbox 967 3883 1153 3947; x_wconf 74' lang='lat' dir='ltr'>accuratius</span> <span class='ocrx_word' id='word_1_241' title='bbox 1174 3890 1272 3967; x_wconf 81' lang='lat' dir='ltr'>quant</span> <span class='ocrx_word' id='word_1_242' title='bbox 1293 3878 1350 3945; x_wconf 69' lang='lat' dir='ltr'>nd·</span> 
     </span>
     <span class='ocr_line' id='line_1_33' title="bbox 237 3976 1349 4071; baseline -0.001 -21"><span class='ocrx_word' id='word_1_243' title='bbox 237 3987 301 4050; x_wconf 91' lang='lat' dir='ltr'>buc</span> <span class='ocrx_word' id='word_1_244' title='bbox 323 3985 441 4049; x_wconf 80' lang='lat' dir='ltr'>iactum</span> <span class='ocrx_word' id='word_1_245' title='bbox 467 3996 527 4068; x_wconf 87' lang='lat' dir='ltr'>est,</span> <span class='ocrx_word' id='word_1_246' title='bbox 552 3986 657 4050; x_wconf 82' lang='lat' dir='ltr'>codex</span> <span class='ocrx_word' id='word_1_247' title='bbox 668 3976 812 4050; x_wconf 82' lang='lat' dir='ltr'>Venetus</span> <span class='ocrx_word' id='word_1_248' title='bbox 835 3994 995 4051; x_wconf 78' lang='lat' dir='ltr'>excussus</span> <span class='ocrx_word' id='word_1_249' title='bbox 1018 3978 1124 4069; x_wconf 79' lang='lat' dir='ltr'>iberit,</span> <span class='ocrx_word' id='word_1_250' title='bbox 1149 3986 1349 4071; x_wconf 66' lang='lat' dir='ltr'>quodquam</span> 
     </span>
     <span class='ocr_line' id='line_1_34' title="bbox 237 4084 1349 4177; baseline 0.002 -23"><span class='ocrx_word' id='word_1_251' title='bbox 237 4086 402 4154; x_wconf 84' lang='lat' dir='ltr'>a&#39;Cobeto</span> <span class='ocrx_word' id='word_1_252' title='bbox 433 4088 552 4154; x_wconf 82' lang='lat' dir='ltr'>iactum</span> <span class='ocrx_word' id='word_1_253' title='bbox 577 4084 721 4171; x_wconf 75' lang='lat' dir='ltr'>scimus,</span> <span class='ocrx_word' id='word_1_254' title='bbox 755 4089 870 4154; x_wconf 72' lang='lat' dir='ltr'>iterum</span> <span class='ocrx_word' id='word_1_255' title='bbox 899 4092 1081 4177; x_wconf 73' lang='lat' dir='ltr'>iterumque</span> <span class='ocrx_word' id='word_1_256' title='bbox 1109 4088 1287 4175; x_wconf 80' lang='lat' dir='ltr'>optbtidt&#39;rtn&#39;</span> <span class='ocrx_word' id='word_1_257' title='bbox 1311 4098 1349 4155; x_wconf 79' lang='lat' dir='ltr'>ut</span> 
     </span>
     <span class='ocr_line' id='line_1_35' title="bbox 238 4192 1354 4278; baseline 0 -21"><span class='ocrx_word' id='word_1_258' title='bbox 238 4194 428 4278; x_wconf 88' lang='lat' dir='ltr'>quantocius</span> <span class='ocrx_word' id='word_1_259' title='bbox 451 4195 565 4258; x_wconf 84' lang='lat' dir='ltr'>hortun</span> <span class='ocrx_word' id='word_1_260' title='bbox 588 4194 695 4258; x_wconf 73' lang='lat' dir='ltr'>eximi</span> <span class='ocrx_word' id='word_1_261' title='bbox 715 4194 781 4257; x_wconf 75' lang='lat' dir='ltr'>nini</span> <span class='ocrx_word' id='word_1_262' title='bbox 801 4194 985 4258; x_wconf 75' lang='lat' dir='ltr'>strididtnnt</span> <span class='ocrx_word' id='word_1_263' title='bbox 1004 4195 1135 4259; x_wconf 78' lang='lat' dir='ltr'>fructus</span> <span class='ocrx_word' id='word_1_264' title='bbox 1152 4192 1354 4258; x_wconf 70' lang='lat' dir='ltr'>ad&#39;cbutdin&#39;·</span> 
     </span>
     <span class='ocr_line' id='line_1_36' title="bbox 237 4278 1351 4385; baseline 0.002 -24"><span class='ocrx_word' id='word_1_265' title='bbox 237 4292 311 4362; x_wconf 79' lang='lat' dir='ltr'>aem</span> <span class='ocrx_word' id='word_1_266' title='bbox 328 4306 427 4361; x_wconf 84' lang='lat' dir='ltr'>usum</span> <span class='ocrx_word' id='word_1_267' title='bbox 449 4294 664 4382; x_wconf 71' lang='lat' dir='ltr'>pertinentur.</span> <span class='ocrx_word' id='word_1_268' title='bbox 705 4292 842 4361; x_wconf 52' lang='lat' dir='ltr'>interim*</span> <span class='ocrx_word' id='word_1_269' title='bbox 855 4287 1084 4382; x_wconf 66' lang='lat' dir='ltr'>advertamus,</span> <span class='ocrx_word' id='word_1_270' title='bbox 1100 4280 1149 4362; x_wconf 73' lang='lat' dir='ltr'>&#39;ad&#39;</span> <span class='ocrx_word' id='word_1_271' title='bbox 1163 4278 1351 4385; x_wconf 68' lang='lat' dir='ltr'>tarsun,-</span> 
     </span>
    </p>
   </div>
   <div class='ocr_carea' id='block_1_8' title="bbox 0 0 1456 4822">
    <p class='ocr_par' dir='ltr' id='par_1_9' title="bbox 0 0 1456 4822">
     <span class='ocr_line' id='line_1_37' title="bbox 0 0 1456 4822; baseline 0 3"><span class='ocrx_word' id='word_1_272' title='bbox 0 0 1456 4822; x_wconf 95' lang='lat' dir='ltr'> </span> 
     </span>
    </p>
   </div>
  </div>
 </body>
</html>
