2902 4822
637 444 829 522 ,126

388 637 509 722 ἡμίσεες
531 638 558 701 δ’
583 637 642 723 ἄρα
664 636 731 703 λαοὶ
753 636 907 722 ἐρητύοντο
929 633 1062 720 μένοντες

387 738 457 804 αὖθι
480 735 550 824 παρ’
570 736 709 826 Ἀτρείδη
729 734 933 824 Ἀγαμέμνονι,
955 737 1068 823 ποιμένι
1089 741 1188 806 λαῶν·

373 844 505 929 «ἡμίσεες
528 839 554 908 d’
578 841 737 927 ἀναβάντες
759 841 934 928 ἐλαύνομεν,

232 972 328 1037 mam
352 952 552 1035 repetitionis
574 951 711 1036 figuram
740 952 870 1014 nomine
901 948 1125 1031 epanaphorae
1155 947 1346 1016 Eustathius

232 1054 422 1139 designavit.
456 1052 546 1117 Haec
568 1073 666 1137 quum
685 1055 728 1116 ita
752 1054 826 1134 sint,
855 1063 1005 1133 repertae
1027 1051 1114 1134 apud
1128 1050 1346 1117 Scholiastant

230 1159 270 1222 A.
292 1158 421 1222 lectioni
433 1155 590 1238 Αἰθίοπες,
613 1158 705 1221 cuius
726 1157 883 1242 rationem
906 1155 1149 1238 grammaticam
1172 1174 1246 1218 eum
1268 1175 1347 1239 epa·

230 1262 354 1346 nalepsi
377 1261 453 1326 nihil
475 1261 596 1325 habere
619 1280 788 1324 commune
811 1259 956 1323 eiusdem
988 1258 1189 1343 aliorumque
1211 1260 1345 1323 testium

230 1366 421 1429 auctoritate
453 1365 599 1447 ostendi,
632 1384 697 1428 non
727 1373 848 1427 tantum
883 1373 1036 1447 quantum
1070 1360 1233 1445 Bergkius
1266 1360 1345 1426 fidei

229 1470 371 1532 tribuere
403 1489 554 1552 possum:
592 1467 692 1532 'immo
726 1468 811 1532 vitiis
847 1467 1010 1531 scribendi
1043 1467 1117 1530 ideo
1151 1462 1343 1551 adnumero,

230 1574 317 1658 quod
351 1575 432 1636 ratio
454 1573 602 1636 iectionis
634 1570 776 1646 Αἰθίοπες
807 1571 910 1634 aliena
943 1583 994 1634 est
1027 1593 1046 1635 a
1076 1581 1239 1636 structura
1271 1574 1343 1637 eius

229 1673 293 1738 loci
316 1671 498 1756 Homerici,
533 1674 574 1737 ad
596 1693 692 1758 quem
716 1673 886 1759 Odysseae
920 1675 1012 1738 iocus
1042 1675 1083 1738 ad
1114 1673 1250 1738 eandem
1272 1694 1343 1738 rem

154 1824 158 1829 .
230 1777 379 1860 exemplo
410 1777 598 1841 firmandam
630 1777 771 1860 affertur,
807 1778 859 1841 cui
892 1780 986 1843 unice
1009 1775 1156 1853 Αἰθίοπας
1177 1778 1341 1862 convenit,

229 1883 276 1943 uti
297 1879 513 1946 Scholiastam
536 1901 650 1946 revera
674 1881 848 1964 scripsisse
871 1883 1029 1946 existimo.
1059 1882 1150 1965 Quae
1172 1893 1342 1968 praetereo

229 1983 270 2046 ad
303 1984 547 2048 sustentandam
582 1985 685 2067 ipsius
717 1985 907 2047 sententiam
941 1982 1137 2071 a'Ber'gkio
1169 1985 1343 2051 laudantur

228 2090 449 2170 auctoritates,
474 2089 591 2172 quibus
613 2107 729 2151 versus
753 2087 900 2173 singulus
923 2085 1074 2170 Αἰθίοπες,
1096 2086 1141 2154 τοὶ
1163 2087 1257 2173 διχθὰ
1276 2100 1341 2157 ete.

228 2193 369 2274 affertur,
401 2213 467 2256 non
495 2195 575 2256 tanti
606 2213 663 2258 eas
687 2206 776 2276 puto,
800 2194 887 2276 quod
915 2195 1128 2278 scriptoribus
1153 2197 1186 2259 in
1209 2218 1245 2261 re
1267 2197 1340 2262 ittu-

227 2298 359 2362 stranda
381 2299 477 2361 unice
499 2299 667 2380 occupatis
689 2297 909 2361 rotundiorem
936 2299 1128 2383 scripturam
1151 2300 1215 2364 loci
1237 2304 1340 2367 nomi·

227 2404 355 2467 nativus
384 2421 464 2486 prae
496 2404 684 2468 accusativo
707 2402 852 2467 solitario
882 2415 1048 2486 praestare
1075 2404 1178 2468 videri
1210 2417 1341 2490 poterat

227 2517 442 2590 promptaque
463 2510 640 2572 mutatione
661 2507 820 2591 prodibat

315 2611 447 2676 Addere
468 2613 556 2676 iuvat
578 2611 812 2694 epanalepseos
836 2611 1019 2694 exemplum
1041 2611 1130 2676 lliadi
1152 2632 1193 2677 ex
1212 2610 1340 2698 Euripi*

228 2710 280 2776 dis
312 2712 470 2778 diorthosi
500 2713 598 2799 longe
630 2713 851 2797 antiquissima
878 2714 1041 2797 iniectum,
1076 2714 1190 2778 eodem
1214 2715 1339 2801 figurae

226 2819 355 2881 nomine
387 2827 476 2882 recte
509 2819 549 2883 ab
572 2817 752 2902 Eustathio,
788 2818 842 2900 qui
865 2838 948 2883 unus
982 2840 1021 2883 ea
1054 2818 1095 2882 de
1127 2839 1164 2883 re
1197 2819 1337 2906 tradidit,

226 2930 381 3006 notatum,
404 2925 443 2988 ad
468 2926 498 3006 β,
519 2925 592 2989 865.
616 2925 670 2989 ubi
692 2926 803 2990 versui
1311 2936 1316 2946 ·

383 3024 415 3093 οἳ
432 3027 484 3094 καὶ
505 3025 626 3115 Μῄονας
647 3026 717 3115 ἧηον
738 3028 796 3095 ὑπὸ
820 3028 938 3117 Τμώλῳ
961 3037 1114 3114 γεγαῶτας

225 3128 396 3217 Euripides
418 3135 519 3198 fertur
541 3137 694 3199 continuo
717 3135 896 3200 subiecisse

380 3235 501 3324 Τμώλῳ
524 3235 582 3301 ὑπὸ
604 3234 738 3319 νιφόεντι,
755 3233 850 3321 Ὕδης
873 3235 902 3302 ἐν
924 3238 1001 3304 πίονι
1023 3238 1121 3328 δήμῳ.

310 3336 361 3402 Ex
384 3359 504 3424 genere
526 3340 700 3423 rhetorico,
724 3341 811 3425 quod
834 3352 1019 3426 tractamus,
1043 3364 1138 3406 unam
1158 3342 1243 3409 addo
1256 3342 1337 3431 figu-

224 3462 292 3506 ram
323 3442 518 3529 syllepseos,
552 3465 652 3529 saepe
673 3445 864 3510 Aristarcho
886 3455 1041 3528 notatam,
1064 3445 1165 3510 veluti
1186 3446 1226 3511 ad
1247 3446 1335 3512 iliad.

222 3543 276 3629 111,
294 3545 357 3611 24:

377 3646 407 3714 ἐν
429 3648 513 3734 νηυσὶ
535 3648 637 3716 κέαται
658 3648 842 3736 βεβλημένοι,
864 3645 1018 3735 οὔτάμενοί
1038 3673 1081 3732 τε,

224 3748 280 3813 ubi
301 3748 411 3817 Schol.
433 3753 475 3819 A.
497 3753 517 3838 ἡ
541 3756 629 3841 διπλῆ
652 3755 731 3840 πρὸς
751 3756 802 3840 τὴν
826 3755 984 3839 σύλληψιν·
1017 3754 1045 3820 οί
1066 3751 1199 3839 μὲνγὰρ
1222 3755 1348 3843 βεβλη-’

223 3848 304 3936 μίνοι
331 3850 418 3939 ἦσαν,
451 3855 478 3922 οἱ
509 3858 543 3922 δὲ
576 3855 755 3942 οὔτασμίνοι.
810 3858 996 3922 Similiimos
1027 3856 1119 3923 locos
1147 3859 1247 3940 alios,
1282 3858 1336 3944 qui

224 3959 431 4041 σολληιιτικῶς
466 3965 637 4046 compositi
672 3973 704 4028 et
734 3966 825 4048 διπλῇ
862 3963 963 4026 notati
997 3963 1166 4046 dicuntur,
1201 3960 1336 4027 contulit

222 4059 326 4128 Leirs
349 4063 527 4131 Aristarch.
550 4089 583 4151 p.
605 4068 656 4132 62.
701 4066 954 4146 Aureliane,
976 4067 1038 4127 47:

378 4165 422 4233 τὼ
443 4168 478 4234 δὲ
500 4169 564 4235 δύω
588 4169 730 4248 σκάζοντε
752 4170 843 4256 βάτην
856 4168 973 4254 Ἀρεος
992 4166 1158 4254 θεράποντε

377 4272 523 4358 Τυδείδης
545 4296 578 4340 τε
597 4274 812 4363 μενεπτόλεμος
832 4271 884 4341 καὶ
907 4277 971 4348 δῖος
989 4267 1168 4353 Ὀδυσσεύς,
