2902 4822
207 632 292 687 amat
314 620 399 686 aliud
422 640 522 707 agens
547 608 635 685 exire
657 621 690 684 in
712 619 825 686 laudes
837 620 949 707 populi
960 622 1129 704 Romani«,
1152 620 1207 685 uhi
1229 630 1322 685 recte

206 724 369 812 Bergkius
402 726 444 790 ad
464 725 565 790 verba
587 728 618 789 in
641 724 746 792 Probe·
773 726 903 811 supplet
932 726 1078 810 editione,
1104 736 1179 790 'tum
1209 724 1321 790 verbis

206 840 239 897 et
258 830 483 896 adnotandum
505 840 568 896 etc.
586 840 694 895 monet
717 832 872 896 contineri
902 832 1008 896 Servii
1031 831 1071 896 de
1093 829 1192 895 Probi
1212 830 1322 915 suspi-

205 938 298 1003 cione
318 935 481 1002 indicium.

291 1038 334 1123 X,
357 1040 432 1107 444.
457 1038 563 1125 »Ergo
586 1041 665 1104 satis
687 1038 823 1102 licenter
846 1037 966 1104 dictum
990 1049 1050 1123 est,
1081 1038 1164 1103 adeo
1186 1052 1223 1102 ut
1243 1037 1321 1103 huic

205 1144 279 1243 lpco
303 1156 456 1230 corrupto
473 1144 603 1210 Probus
626 1146 760 1234 olotqom
782 1148 1001 1231 apposuerit«
1038 1145 1173 1210 Dixera't
1194 1144 1322 1211 scilicet

206 1250 368 1337 Vergilius
399 1254 479 1316 socii
506 1258 669 1316 occemund
696 1253 954 1336 aequoreorum
989 1249 1076 1336 quod
1099 1248 1235 1316 Servius
1256 1270 1321 1336 pro

205 1356 267 1443 ’φεὶ
286 1359 365 1423 iamai
382 1366 511 1441 praeter
533 1356 798 1421 consuetudinem
827 1356 980 1440 loquendi
1003 1356 1123 1420 dictum
1145 1357 1275 1422 notavit

291 1460 333 1544 X,
356 1462 410 1544 88,
438 1461 478 1524 de
501 1479 565 1544 quo
589 1458 664 1523 loco
688 1458 830 1524 lsidorus
850 1458 941 1537 orig.
961 1458 985 1542 l,
1007 1461 1059 1542 20,
1081 1460 1138 1524 18:
1172 1457 1321 1524 »Aversa

207 1560 323 1648 [dipla]
335 1583 408 1627 cum
420 1562 515 1626 obelo
530 1562 571 1626 ad
581 1583 618 1626 ca
628 1563 768 1647 ponitur,
785 1581 868 1645 quae
879 1561 920 1624 ad
935 1559 1054 1645 aliquid
1067 1561 1254 1645 respiciunt,
1267 1571 1320 1627 ut:

359 1667 472 1733 Nosne
494 1666 551 1732 tibi
566 1669 680 1754 fluxos
702 1664 868 1753 Ploppioe
888 1686 942 1730 ros
963 1673 1085 1730 nortem
1100 1664 1207 1750 fundo

360 1773 547 1837 conamur?
568 1773 655 1836 ooo?
677 1792 721 1836 on
738 1772 870 1835 miseros
889 1773 943 1857 qui
957 1770 1063 1835 Thoos
1081 1768 1214 1837 Achivis

364 1873 522 1940 061·εοίίέκ

207 1968 310 2063 Quam
324 1976 387 2044 loci
399 1981 594 2044 notationem
608 1977 695 2044 haud
707 1977 789 2042 mala
802 1979 987 2043 coniectura
1003 1998 1019 2042 a
1032 1978 1142 2043 Probo
1156 1976 1321 2065 Berglrius

205 2074 382 2167 pio'lectam
406 2084 575 2147 existimat.

292 2187 388 2272 Dipla
411 2189 509 2273 igitur
531 2208 603 2253 cum
628 2186 734 2270 obelo,
757 2195 792 2251 ut
815 2187 855 2250 ab
877 2187 941 2252 hoc
957 2188 1050 2272 signo
1068 2188 1192 2253 initium
1212 2190 1323 2273 capia·

204 2314 288 2377 mus,
310 2290 439 2357 Probus
462 2314 542 2358 usus
566 2302 633 2357 estz
658 2292 745 2377 quod
768 2291 896 2376 quidem
919 2293 1046 2378 signum
1076 2312 1118 2357 ex
1140 2294 1225 2359 notis
1247 2294 1321 2359 Ari-

204 2396 354 2463 starchiis
378 2399 604 2482 compositum,
627 2398 845 2482 posteriorum
868 2397 995 2462 demum
1018 2418 1081 2463 usu
1102 2398 1252 2463 inclaruit
1273 2409 1321 2476 (v.

207 2512 236 2579 s.
250 2505 319 2578 72.)
342 2511 374 2566 et
398 2524 494 2587 quum
516 2504 664 2586 primitus
687 2522 835 2588 quaeque
855 2504 924 2567 eius
944 2523 1021 2586 pars
1044 2505 1206 2588 propriam
1228 2524 1324 2570 suam

205 2615 400 2690 potestatem
435 2616 592 2688 servaret,
625 2604 711 2688 aphd
737 2604 882 2670 Probum
915 2608 977 2671 iam
1009 2627 1073 2671 una
1101 2607 1172 2673 sola
1194 2608 1345 2691 praedi·¹

205 2724 273 2777 tum
304 2730 379 2776 esse
411 2711 539 2775 videtur
572 2719 605 2776 et
635 2731 673 2774 ea
709 2711 855 2795 quidem,
888 2723 924 2776 ut
957 2713 1081 2778 abiecta
1115 2713 1202 2777 omni
1234 2713 1322 2779 obeli

204 2822 367 2903 potestate
389 2819 559 2902 primitiva,
593 2838 699 2904 quam,
733 2819 897 2882 utstatim
920 2817 1111 2902 videbimus,
1139 2818 1201 2883 alio
1223 2820 1321 2905 cigno

203 2930 315 2987 notare
338 2920 481 3006 solebat,
514 2923 620 3006 ipsum
649 2923 776 3007 signum
800 2921 921 2985 rectius
944 2919 1050 3004 diplae
1071 2940 1145 2985 cum
1167 2940 1321 3007 paragra·

203 3024 268 3109 pho
291 3028 419 3092 iunctae
441 3029 571 3091 nomine
594 3025 821 3111 appellandum
844 3025 895 3089 sit.
940 3022 980 3091 V.
1002 3030 1030 3098 s.
1053 3025 1105 3089 72.

288 3122 463 3194 Praeterea
487 3143 756 3196 commemoratur
779 3129 912 3217 alopas,
945 3150 964 3192 a
986 3130 1116 3213 propria
1140 3127 1319 3199 Aristarchi

202 3224 367 3297 adlationc
385 3233 481 3317 plane
497 3233 631 3316 alienus,
655 3233 794 3298 scrobis
814 3233 914 3318 signis
932 3231 1071 3316 additus,
1095 3253 1201 3318 neque
1217 3234 1319 3321 vulgo

201 3338 368 3423 prohatuS,
392 3338 652 3424 quandoquidem
681 3339 796 3403 unicus
819 3337 871 3402 hic
894 3349 982 3402 esset
1001 3338 1106 3421 locus,
1140 3358 1207 3423 quo
1228 3358 1318 3405 conr·

202 3436 446 3526 memoraretur,
468 3443 530 3508 nisi
553 3442 723 3508 accederet
753 3441 929 3505 auctoritas
959 3440 1075 3504 Isidori
1102 3440 1191 3527 Orig.
1213 3440 1239 3525 1,
1261 3443 1317 3527 20,

201 3538 258 3610 283
292 3545 446 3634 „Alopes
475 3557 550 3611 nota
574 3544 637 3632 [sic
659 3565 720 3629 pro
742 3554 841 3609 notae
869 3545 1055 3630 legendum]
1085 3556 1145 3629 est,
1168 3566 1253 3631 quae
1273 3545 1318 3611 ad

200 3655 332 3719 mendas
357 3653 560 3721 adhibetur.“
604 3654 634 3717 A
665 3653 819 3717 Romanis
842 3662 948 3716 tamen
974 3673 1045 3717 eam
1075 3664 1183 3718 notam
1204 3655 1317 3718 inven-

200 3768 265 3823 tam
294 3778 359 3822 non
387 3778 479 3842 csse,
512 3756 674 3822 Graecum
703 3777 820 3822 nomen
851 3758 1000 3824 ostendit.
1038 3758 1143 3840 Quid?
1172 3760 1316 3845 quodsi

200 3882 271 3926 rem
293 3862 398 3927 obiter
419 3863 640 3948 inspiciamus
664 3862 696 3925 id
719 3864 821 3948 signis
842 3864 875 3926 in
897 3865 937 3928 iis
961 3862 1221 3948 deprehenditur,
1245 3865 1316 3949 qui·

198 3966 261 4031 bus
282 3967 354 4050 ipse
377 3966 586 4031 Aristarchus
610 3986 690 4030 usus
713 3986 788 4030 esse
818 3967 963 4032 traditur.
1007 3968 1133 4053 Nempe
1156 3968 1250 4033 huius
1273 3967 1315 4032 de

200 4070 320 4155 duplici
350 4071 490 4136 editione
513 4071 686 4136 Homerica
715 4083 822 4137 exstat
843 4074 895 4139 hic
922 4074 1016 4138 locus
1039 4071 1257 4138 memorabilis
1278 4073 1313 4136 in

198 4173 308 4240 Schol.
330 4173 419 4237 lliad.
442 4198 475 4256 π,
498 4176 577 4240 613;
607 4174 636 4242 ἐν
658 4183 695 4263 τῇ
717 4172 806 4264 ἑτέρᾳ
827 4185 886 4242 τῶν
915 4170 1117 4262 Ἀριστάρχου
1147 4172 1204 4241 οὔκ
1235 4171 1314 4258 ἐφί-

198 4302 265 4363 pero
290 4274 446 4350 καθάπαξ·
478 4275 508 4343 ἐν
531 4278 624 4367 dim}
653 4277 779 4366 δευτέρᾳ
808 4281 917 4364 ἄλογος
945 4279 1030 4369 αὐτῷ
1050 4277 1217 4367 παρέκειτο,
1245 4300 1311 4367 quo
