2902 4822
689 410 765 487 167

165 604 311 671 similiter
342 605 426 670 duce
448 604 629 670 Scholiasta
653 605 695 671 A.
717 604 814 667 etiam
837 603 878 667 de
901 603 995 667 tertio
1017 602 1091 668 loco
1106 605 1276 688 iudicavit,

166 711 286 793 quippe
309 730 373 794 quo
396 707 505 791 κοτύλη
529 709 712 792 degenere
736 707 842 790 poculi
855 718 985 791 praeter
997 710 1276 790 cousuetudinem,

166 834 229 896 qua
252 813 434 895 posteriore
456 823 560 876 aetate
583 813 624 876 de
647 833 799 875 mensura
821 810 960 894 quadam
982 809 1169 891 diceretur,
1183 832 1276 876 usur·
1360 852 1361 856 =

166 927 275 998 patum
298 927 396 978 essct.
442 915 565 995 erarto
588 935 667 978 vero
688 914 764 978 loco
787 925 897 997 aperta
920 934 974 977 res
997 924 1059 995 est,
1081 915 1115 977 in
1136 912 1277 979 Scholiis

166 1019 345 1082 declarata:
377 1017 457 1092 ἅπαξ
472 1017 505 1083 δὲ
523 1017 636 1103 εἴρηται
649 1016 665 1083 ὁ
681 1015 853 1102 ἀμφιθαλὴς
869 1010 937 1101 παρ’
949 1015 1085 1100 Ὁμήρῳ.
1098 1051 1140 1064 -
1155 1017 1190 1098 Ω,
1202 1018 1275 1082 778.

163 1194 165 1198 ,
310 1119 419 1194 ”Aetne
440 1129 498 1203 νῦν,
519 1125 633 1207 Τρῶες,
656 1122 730 1195 ξύλα
752 1121 870 1200 ἄστυδε,
892 1117 969 1204 μηδέ
990 1144 1016 1184 τι
1039 1123 1137 1205 θυμῷ,

165 1227 221 1289 uhi
244 1224 389 1310 Heynins
407 1226 447 1289 de
459 1227 649 1310 signationis
663 1227 803 1288 ratione:
830 1223 971 1287 »nullum
982 1223 1130 1288 scholion
1141 1243 1277 1308 respon·

165 1329 231 1411 (let,
267 1350 371 1412 neque
394 1348 571 1412 assequor,
604 1329 767 1412 quomodo
798 1328 850 1390 hic
873 1347 988 1391 versus
1019 1330 1137 1393 abesse
1158 1329 1274 1409 possit,

164 1443 219 1494 aut
241 1441 415 1513 suspectus
438 1451 523 1495 esse.
568 1431 612 1494 At
634 1452 693 1514 per
715 1430 832 1513 στιγμὴν
856 1429 1007 1516 [diplam]
1032 1441 1176 1495 notatum
1199 1449 1274 1494 esse
1334 1472 1342 1489 .

163 1535 268 1618 potuit
290 1532 383 1613 ἄξετε,
407 1533 547 1598 futurum
570 1555 629 1616 pro
644 1535 846 1618 imperativo,
871 1556 900 1597 v.
918 1535 958 1599 ad
975 1557 1003 1617 γ,
1017 1534 1088 1597 105.
1110 1532 1273 1595 nonenim

164 1637 299 1700 verbum
329 1636 392 1709 ἄξω
424 1638 629 1701 statuendum
663 1648 741 1702 esta
796 1635 974 1702 Verissima
1003 1638 1095 1716 haec,
1131 1635 1275 1718 quaudo·

163 1739 293 1824 quidem
324 1739 345 1802 l.
375 1740 395 1804 l.
419 1740 567 1805 Scholia:
600 1741 701 1813 ἄξετετ
734 1739 878 1825 ἠδιπλῆ,
912 1737 956 1806 ὅτι
987 1738 1034 1803 τὸ·
1052 1739 1136 1811 ἄξετε
1162 1735 1196 1803 σὺ
1223 1737 1275 1803 τὸν

161 1839 306 1925 μέλλοντα
327 1842 468 1926 σημαίνει,
491 1839 555 1908 ἀλλ’
578 1843 642 1908 ἴσον
662 1849 708 1929 τῷ
730 1843 823 1925 ἄγετε.

249 1944 407 2009 Diversae
438 1948 571 2013 rationis
585 2005 587 2013 .
601 1957 654 2010 cst
673 1945 770 2029 drpla,
795 1966 877 2030 quae
900 1946 1026 2028 dicitnr,
1061 1946 1200 2031 obelata,
1230 1947 1274 2012 du

160 2068 226 2132 qua
250 2069 279 2112 v.
303 2054 330 2122 s.
354 2050 405 2112 72.

669 2211 697 2279 s.
726 2205 778 2269 54.
876 2187 878 2191 ’

337 2333 385 2388 De
407 2330 598 2386 asterisco
622 2346 703 2387 oum
726 2330 829 2400 uipla
852 2345 943 2400 pura
965 2328 1099 2385 innota.

249 2461 370 2527 Similis
392 2463 557 2548 signorum
580 2463 705 2544 horum,
728 2463 851 2525 ratione
880 2461 1086 2543 proprietatis
1115 2460 1275 2546 cuiusque

163 2565 281 2649 habita,
313 2567 362 2629 vis
393 2575 425 2629 et
453 2587 544 2649 usus,
577 2565 837 2650 quandoquidem
868 2575 1013 2647 potestas
1036 2563 1193 2648 cuiusque
1215 2585 1275 2648 per

163 2690 201 2733 se
223 2679 398 2754 spectatur,
423 2671 511 2733 utin
534 2670 630 2734 obelo
654 2689 727 2732 oum
757 2667 843 2750 dipla
865 2669 991 2732 iuncto:
1025 2687 1130 2751 neque
1161 2667 1275 2732 discri-

165 2773 257 2835 minis
280 2774 453 2857 quicquam
484 2792 560 2838 csse
583 2772 729 2853 videtur,
763 2781 871 2834 utrum
893 2772 1022 2854 signum
1045 2780 1274 2853 praeponatur.-

164 2875 272 2959 Atque
294 2876 473 2939 conferenti
505 2895 554 2956 ea,
589 2895 673 2959 qnae
703 2873 744 2937 do
767 2893 828 2936 usu
858 2872 1058 2936 Aristarchio
1081 2871 1167 2935 obeli
1198 2891 1276 2950 cun-⁸

164 2980 322 3042 asterisco
345 2978 373 3059 ᾗ.
396 2980 438 3042 38
461 2981 609 3061 exposita
631 2987 717 3059 sunt,
740 2976 875 3059 patebit,
908 2977 991 3039 inter
1020 2976 1113 3039 huius
1136 2986 1168 3038 et
1191 2975 1272 3057 eius,

164 3080 205 3144 ue
228 3102 291 3165 qua
314 3083 451 3167 agimus,
482 3081 681 3166 signationis·
701 3081 835 3160 ratione,
869 3080 897 3142 si
927 3089 1073 3162 potestas
1096 3086 1276 3160 spectatur,

164 3184 241 3249 nihil
261 3186 431 3267 interesse,
463 3186 524 3248 nisi
547 3184 629 3248 sorte
653 3184 753 3247 notati
785 3184 848 3246 isto
880 3182 977 3246 modo
1011 3182 1052 3245 ab
1084 3179 1274 3244 Aristarcho

164 3308 280 3351 versus
303 3309 416 3351 revera
438 3289 470 3350 in
492 3289 611 3370 spuriis
634 3286 732 3351 hahiti
754 3295 839 3367 sunt,
863 3285 939 3349 dum
958 3283 1158 3369 posteriores
1171 3283 1273 3346 critici

165 3393 210 3453 rei
232 3391 432 3454 satisfecisse
462 3391 524 3454 sihi
546 3391 607 3453 visi
630 3401 722 3471 sunt,
750 3391 780 3452 si
808 3408 960 3452 versuum
981 3385 1271 3452 inconvenientiam

164 3503 342 3557 notassent.
386 3492 615 3575 Exemplorum
637 3502 837 3571 cunctorum,
862 3510 945 3574 quae
966 3489 1186 3569 inveniantur,
1209 3487 1273 3570 pri-

163 3616 249 3659 mum
268 3595 378 3676 affero,
401 3615 465 3680 quo
489 3596 609 3678 optime
632 3594 728 3656 huius
751 3594 941 3676 signationis
965 3581 1046 3657 ra‘tio
1070 3588 1275 3675 explanatur,

164 3699 379 3778 atta-36:
663 3770 666 3775 p

318 3798 429 3864 πέπλον
452 3797 503 3883 μὲν
526 3793 682 3879 κατέχευεν
705 3795 791 3862 ἑανὸν
812 3792 926 3879 πατρὸς
948 3789 992 3859 ἐπ’
1016 3796 1108 3874 αὔδα,

216 3966 220 3975 ,
317 3904 458 3983 ποικίλαν,
482 3898 513 3966 ὅν
534 3892 562 3985 ῥ’
584 3897 658 3985 αὐτὴ
681 3901 824 3984 ποιήσατο
845 3897 895 3964 καὶ
917 3895 995 3984 κάμε
1016 3896 1131 3983 χερσίν·

317 4005 337 4091 ἡ
362 4005 395 4070 δὲ
416 3999 513 4088 χιτῶν’
536 4001 644 4069 ἐνδῦσα
665 4001 734 4076 Διὸς
754 3999 995 4087 νεφεληγερέταο.
1093 4055 1096 4065 ,

81 4111 84 4116 ’
163 4109 289 4194 Cuique
313 4109 422 4173 versui
443 4110 621 4172 asteriscus
640 4106 820 4188 appositus,
844 4117 1011 4188 postremo
1028 4107 1161 4188 insuper
1181 4100 1276 4183 dipla.

163 4209 275 4278 Schol.
298 4210 346 4275 A:
369 4209 398 4276 oi
419 4206 598 4298 ἀστερίσκων,
628 4203 672 4274 ὅτι
694 4203 820 4274 ἐνταῦθα
840 4205 882 4295 μὴ
904 4208 1008 4286 καλῶς
1036 4215 1151 4290 κεῖνται,
1191 4201 1221 4268 ἐν
1243 4200 1279 4269 ol
