2902 4822
680 397 757 474 152

163 609 284 677 genere
311 589 488 654 litterarum
509 587 694 671 floruerint,
729 600 761 654 et
782 600 944 674 tamquam
972 587 1118 674 regulam
1139 587 1220 653 artis
1241 588 1275 653 iu

164 693 307 758 Homero
319 692 519 758 recensendo
532 691 789 776 explicandoque
807 693 1051 757 constituerint:
1075 690 1163 775 quod
1177 706 1275 755 nemo

164 796 270 861 nescit
289 795 511 860 Aristarchum
534 796 664 877 fecisse,
686 797 729 859 ita
751 807 787 859 ut
812 795 981 860 dissensus
1003 796 1066 858 iste
1087 813 1154 859 non
1170 794 1277 878 possit

164 919 230 963 non
251 898 292 962 ad
314 899 400 963 hunc
424 897 478 961 vel
499 895 540 961 ad
563 897 708 963 scholam
732 899 835 963 abeo
859 896 1020 960 conditam
1047 897 1172 962 referri.
1217 894 1276 961 His

164 1003 227 1067 iam
260 1000 470 1066 heterodoxis
505 1019 568 1063 una
608 1021 683 1064 cum
715 1001 960 1086 glossographis
996 1021 1093 1084 quum
1125 999 1278 1065 tribuitur

165 1104 275 1168 iudicii
297 1103 479 1185 diversitas,
508 1103 636 1186 utrique
668 1116 820 1186 quantum
841 1103 883 1166 ad
904 1101 986 1166 hanc
1015 1104 1119 1186 ipsam
1142 1102 1278 1167 diversi·

160 1217 266 1272 tatem
287 1225 352 1270 non
375 1206 523 1269 videntur
544 1205 607 1270 alio
630 1206 834 1277 modolinter
856 1226 893 1269 se
916 1206 1068 1290 distingui
1093 1226 1195 1290 posse
1216 1204 1279 1271 uisi

167 1309 255 1394 quod
277 1308 311 1371 hi
333 1320 514 1373 commenta
537 1329 597 1373 sua
620 1328 659 1372 eo
681 1308 858 1373 litterarum
880 1327 1010 1393 genere,
1048 1309 1134 1393 quod
1165 1311 1279 1375 rma.

169 1421 230 1478 σῶν
262 1413 389 1476 nominc
421 1413 568 1493 innotuit,
601 1411 776 1494 protulisse
809 1413 941 1495 putandi
974 1413 1047 1495 sint,
1082 1412 1213 1496 reipsa
1237 1413 1278 1477 alt

168 1516 394 1596 heterodoxis,
431 1515 486 1600 qui
522 1514 616 1577 aliam
658 1534 882 1598 quamcunque
914 1514 1087 1579 adnotandi
1122 1516 1279 1579 rationem

169 1620 368 1703 adoptarint,
404 1617 650 1700 haudquaquam
686 1617 822 1681 diversi:
863 1638 927 1702 quo
959 1619 994 1681 fit
1023 1630 1075 1702 ut,
1109 1637 1208 1702 quum
1237 1617 1279 1683 de

168 1721 441 1787 heterodoxorum
463 1722 587 1785 ratione
610 1721 845 1784 commentandi
872 1741 914 1785 ex
934 1721 1107 1787 Anecdoto
1135 1740 1201 1785 non
1223 1721 1280 1786 do·

171 1845 313 1904 ceamur,
343 1842 384 1887 eo
415 1825 517 1906 magis
539 1822 633 1886 nohis
666 1824 699 1885 iu
721 1823 802 1887 solis
835 1824 1080 1908 glossographis
1103 1823 1281 1890 subsisten-

173 1928 249 1992 dum
272 1928 332 2010 sit,
367 1926 453 2011 quod
481 1926 576 1988 unice
605 1923 658 1987 hic
692 1925 732 1989 de
756 1925 907 1991 dissensu
937 1927 1128 2010 placitorum
1163 1929 1281 2012 agitur,

173 2031 224 2095 cui
247 2029 459 2116 significando
481 2039 558 2092 nota
581 2026 685 2110 diplae
708 2029 884 2094 inservisse
905 2030 1050 2094 traditur.
1082 2029 1134 2092 Ac
1157 2028 1281 2114 dehis,

173 2154 272 2217 quum
305 2134 360 2216 qui
393 2132 610 2216 intelligantur
643 2131 760 2215 singuli
783 2141 872 2194 certo
904 2133 999 2196 hodie
1022 2133 1172 2196 extricari
1195 2132 1283 2198 nullo

173 2235 270 2299 modo
293 2234 408 2318 possit,
432 2234 535 2296 omnis
559 2234 705 2316 quaestio
728 2233 841 2297 melius
865 2233 985 2298 differri
1007 2234 1187 2317 videretur,
1221 2236 1284 2301 nisi

172 2338 329 2402 incideret
359 2336 445 2420 quod
479 2338 510 2399 in
540 2333 678 2399 Scholiis
712 2333 846 2424 Venetis
880 2339 1003 2420 passim
1038 2334 1285 2423 γλωσσογράφων

173 2443 292 2505 mentio
314 2441 432 2503 iniecta
454 2449 514 2520 est,
539 2439 594 2522 qui
615 2459 655 2501 an
679 2438 775 2503 iidem
797 2438 945 2504 dicantur
965 2442 1050 2506 scire
1072 2461 1151 2506 sane
1174 2453 1286 2509 nostra

172 2545 282 2626 refert,
307 2562 499 2627 quamquam
521 2540 710 2624 perdifficile
733 2552 784 2606 est
805 2564 872 2606 rem
894 2545 927 2607 in
948 2542 1021 2607 luce
1043 2544 1129 2610 clara
1151 2536 1284 2629 ponere.

259 2644 438 2726 Lehrsium,
462 2663 527 2727 quo
549 2662 645 2706 nemo
665 2642 796 2709 Scholia
819 2644 942 2712 Veneta
965 2649 1147 2713 accuratius
1169 2668 1286 2715 excus-

175 2751 227 2833 sit,
250 2767 315 2812 nou
344 2757 472 2830 poterat
493 2747 686 2830 praeterire,
721 2748 763 2812 ad
784 2760 872 2814 recte
895 2750 1129 2814 aestimandum
1158 2752 1286 2817 critico·

173 2873 244 2916 rum
267 2870 383 2914 munus
413 2850 446 2912 in
467 2847 609 2912 Homero
632 2849 887 2916 administratum
918 2851 959 2916 de
981 2852 1231 2938 glossographis
1252 2854 1286 2919 iu

174 2954 288 3021 codice
316 2951 441 3017 Veneto
465 2953 648 3016 memoratis
681 2954 899 3038 quaerendum
921 2974 1013 3019 esse:
1048 2956 1141 3019 cuius
1163 2955 1286 3021 laboris

175 3059 320 3142 suscepti
350 3057 436 3120 huno
469 3055 609 3120 fructum
645 3055 707 3119 sibi
735 3059 902 3141 percipere
934 3058 1025 3122 visus
1055 3068 1107 3122 est
1135 3069 1171 3122 ut
1201 3080 1287 3145 quas

173 3163 302 3227 nomine
323 3163 388 3225 isto
410 3163 442 3224 in
465 3159 604 3224 Scholiis
627 3160 853 3245 excitarentur,
885 3181 923 3225 ea
946 3181 987 3224 ex
1020 3161 1150 3244 scriptis
1172 3161 1287 3248 aliqui·

172 3267 247 3345 hue,
271 3282 409 3348 quorum
431 3274 580 3327 auctores
603 3262 700 3346 longe
722 3271 796 3325 ante
812 3262 1029 3326 Alexandrina
1051 3273 1209 3348 tempora,
1232 3264 1288 3331 vol

173 3378 279 3434 aetate
302 3366 382 3430 adeo
405 3365 632 3449 Aristophanis
662 3364 778 3428 comici
799 3365 946 3455 singulos
969 3365 1163 3431 Homericos
1191 3367 1287 3435 locos

173 3471 227 3536 vel
248 3470 384 3556 phrases
414 3468 577 3552 explicare
613 3468 825 3550 studuissent,
862 3466 986 3532 adscita
1016 3488 1091 3533 esse
1124 3481 1287 3555 censeret,

173 3573 261 3641 Diss.
285 3571 321 3637 tl.
345 3593 375 3639 c.
400 3573 429 3635 1.
459 3592 491 3655 p.
514 3573 565 3636 43.
609 3570 742 3637 Scilicet
774 3570 815 3633 ab
847 3590 884 3633 ea
917 3569 1123 3636 Scholiorum
1156 3571 1287 3641 illorum

173 3677 357 3742 conditione
377 3675 556 3759 profectus,
580 3696 643 3760 qua
665 3675 705 3740 iis
728 3685 850 3738 tantum
872 3692 937 3736 non
966 3674 1161 3759 Aristonici,
1185 3674 1288 3762 Didy-

171 3781 280 3864 mique
302 3781 336 3843 in
357 3778 547 3843 illustranda
569 3778 750 3843 Aristarchi
773 3776 919 3840 doctrina
942 3775 1194 3862 lucubrationes,
1217 3789 1287 3845 tum

170 3881 324 3947 nonnulla
355 3880 532 3945 Herodiani
561 3890 594 3945 et
622 3879 793 3945 Nicanoris
827 3881 1066 3964 contineantur,
1101 3901 1200 3965 quum
1221 3882 1288 3949 sihi

171 3985 401 4071 persuasisset,
425 3985 455 4048 si
477 4003 561 4068 quae
583 3996 657 4048 ante
679 3983 903 4048 Aristarchum
924 3982 1057 4068 glossae
1079 3981 1120 4048 ab
1142 3966 1287 4049 Alexauss

170 4088 272 4152 drinis
301 4089 442 4172 scriptae
475 4087 623 4170 fuissent,
658 4107 769 4151 earum
801 4086 853 4150 hic
886 4087 1043 4151 rationem
1074 4085 1187 4152 haberi
1217 4106 1287 4153 nou

171 4194 336 4278 potuisse:
360 4210 400 4257 eo
415 4190 578 4257 lubentius
593 4190 625 4254 in
638 4190 829 4256 sententiam
847 4189 934 4255 illam
950 4189 1053 4276 abripi
1073 4209 1149 4259 sese
1165 4198 1289 4276 pessus
