2902 4822
692 451 746 530 te

162 643 277 713 dehis
299 646 401 732 signis
423 645 603 727 traduntur,
625 644 785 730 siquidem
809 645 985 729 putandum
1008 657 1174 713 exaratum
1196 649 1272 715 olim

163 770 183 815 a
205 751 320 824 critico
343 750 445 816 fuisse
467 751 519 814 hic
541 747 587 832 C,
610 744 676 815 ilno
698 752 744 834 (l,
779 751 812 813 in
832 749 893 814 hac
915 752 1081 836 signorum
1105 753 1273 836 disciplina

163 873 247 919 nova
271 854 399 938 quidem
422 865 496 918 sunt
519 864 552 918 et
573 852 725 937 inaudita,
756 853 917 920 sedeatis
940 856 1039 938 firma,
1074 857 1274 942 quandoqui-

165 959 240 1023 dem
262 959 428 1042 signorum
461 958 639 1023 eorundem
661 978 756 1024 usum
788 959 883 1022 etiam
917 959 951 1022 in
984 957 1124 1023 Scholiis
1146 961 1273 1026 Aristo-

164 1062 280 1147 phanis
309 1061 425 1126 oomici
456 1061 667 1145 Aristophani
701 1061 866 1143 tributum,
905 1071 941 1124 ut
973 1081 1050 1125 mox
1081 1065 1273 1147 videbimus,

164 1167 307 1243 fortasse
328 1167 424 1231 etiarn
446 1167 616 1252 antisigma
646 1167 680 1229 in
712 1165 847 1229 Platone
871 1165 915 1245 (s.
939 1165 995 1246 30)
1019 1167 1059 1230 ab
1083 1167 1197 1232 eodem
1219 1169 1275 1232 ad-

164 1272 299 1339 hibitum
320 1271 510 1354 reperimus.
546 1270 597 1334 De
619 1270 720 1355 figura
743 1270 857 1333 horum
879 1270 1046 1353 signorum
1064 1273 1146 1336 infra
1167 1273 1276 1356 dispu-

164 1375 303 1441 tabitur:
335 1367 422 1439 nuno
453 1374 559 1444 solum
592 1373 654 1438 hoe
687 1395 728 1438 ex
760 1394 797 1438 re
829 1370 957 1436 videtur
978 1373 1143 1459 adnotare,
1174 1386 1276 1439 totum

165 1481 259 1545 hunc-
285 1480 389 1563 sigma
412 1498 506 1542 usum
531 1478 676 1542 criticum
708 1478 862 1560 primitus
889 1476 967 1540 nihil
999 1477 1085 1541 aliud
1107 1491 1277 1562 spectasse

166 1603 265 1672 quam
285 1593 322 1646 ut
344 1583 385 1646 de
415 1580 549 1646 notabili
582 1580 690 1664 aliquo
710 1581 785 1646 loco
807 1581 860 1645 vel
893 1601 929 1644 re
960 1581 1064 1646 lector
1093 1584 1278 1649 advertere·

166 1697 236 1754 tur:
259 1687 314 1749 vix
336 1688 421 1751 enim
442 1696 521 1770 puto
543 1685 630 1749 aliud
652 1685 804 1770 quiddam
827 1684 907 1748 illud
927 1683 954 1749 C
972 1686 1158 1769 significare
1177 1707 1278 1771 posse

168 1811 275 1876 quem·
297 1789 375 1854 illud
408 1778 582 1874 oppedum,
619 1788 674 1853 vel
705 1785 895 1873 σημειωτέον,
931 1790 985 1853 vel
1007 1791 1212 1875 σεσημείωται,
1245 1795 1278 1856 in

166 1897 258 1962 libris
281 1895 498 1980 posteriorum
520 1915 616 1958 manu
639 1894 769 1976 scriptis
792 1892 907 1958 eodem
936 1893 1073 1957 consilio
1094 1896 1280 1960 sexcenties

168 2001 306 2085 margini
327 2000 502 2083 appictum,
536 1999 657 2083 quippe
680 1996 813 2061 ductum
835 1997 875 2061 ab
897 2017 959 2061 usu
992 1999 1195 2083 antiquorum
1219 2001 1280 2063 cri·

168 2103 319 2184 tieorum,
352 2123 435 2187 quos
467 2102 602 2166 eandem
630 2101 800 2165 formulam
827 2102 862 2164 'in
897 2102 1008 2166 eadem
1041 2122 1158 2167 caussa
1191 2101 1280 2167 adhi-

168 2206 281 2272 buisse
302 2208 461 2275 innumeri
482 2205 546 2270 loci
569 2215 735 2270 testantur.
780 2205 874 2288 Vide,
899 2216 934 2268 ut
956 2205 1126 2270 Homerica
1149 2204 1280 2271 Scholia

170 2311 305 2394 mittam,
328 2309 438 2377 Schol.
460 2309 626 2391 Aristoph.
660 2307 745 2371 Plut.
770 2309 842 2370 627.
877 2309 1031 2394 Aeschyl.
1065 2309 1174 2372 Prom.
1206 2310 1280 2376 353.
1317 2365 1322 2378 ,,
1401 2380 1402 2383 ¹

143 2411 306 2498 'loannes
329 2412 409 2477 Ton.
432 2434 464 2496 p.
487 2414 518 2477 5.
551 2411 646 2475 Dind.
678 2408 922 2495 σεσημειωμένιιιν
951 2420 1011 2477 τῶν
1028 2407 1186 2494 Ἀττικῶν,
1217 2411 1279 2478 πό-

169 2519 250 2598 λεας,
273 2513 470 2602 μάντεως,,ει
492 2517 639 2600 passim.
672 2514 720 2579 Cs.
744 2534 826 2599 quos
850 2517 958 2581 laudat
980 2516 1178 2582 Villoisonus
1200 2516 1280 2582 Pro·
1355 2514 1358 2517 ’

170 2621 234 2708 leg.
257 2644 290 2706 p.
310 2619 422 2686 XVlll.
465 2619 621 2688 Eiusdem
643 2621 813 2703 potestatis
846 2633 896 2686 est
919 2621 1089 2710 desipuere
1119 2620 1281 2686 llomano·

171 2745 256 2808 rum,
280 2727 371 2816 euius
394 2726 442 2791 rei
465 2725 568 2809 gratia
590 2744 688 2788 unum
709 2723 853 2791 Phoeam
876 2724 917 2788 de
950 2727 1146 2809 aspiratione
1168 2725 1280 2809 affero,

172 2829 259 2913 apud
282 2847 376 2913 quem
399 2829 521 2912 passim
544 2828 584 2892 de
606 2827 767 2892 vocabulo
790 2828 909 2913 aliquo,
934 2829 1021 2913 quod
1043 2831 1077 2891 in
1092 2831 1283 2912 exceptione

109 2925 113 2945 '
171 2932 359 3016 ponendum
390 2943 497 3014 esset,
532 2930 650 2995 dicitur
684 2931 886 3019 desipoatum
921 2940 978 3013 est,
1015 2932 1114 2996 veluti
1143 2954 1174 3016 p.
1200 2934 1283 2998 1723

173 3035 322 3100 et1724.

260 3138 430 3204 Postremo
461 3139 658 3202 afferendum
691 3137 851 3223 κεραύνιον,
871 3139 1026 3224 signum,
1059 3159 1124 3224 quo
1158 3140 1284 3205 Aristo·

174 3241 312 3326 phanem
335 3262 429 3307 usum
452 3263 527 3306 esse
549 3252 709 3306 testantur
731 3242 840 3306 Schol.
866 3241 952 3311 Harl.
975 3244 1015 3307 ad
1038 3245 1281 3330 Odyss.c,281

174 3345 208 3410 in
231 3345 374 3422 Crameri
406 3345 530 3410 Anecd.
557 3345 660 3410 Paris
691 3344 728 3408 Τ.
751 3346 801 3409 lll.
831 3367 863 3429 p.
886 3349 967 3412 505:
1002 3347 1193 3433 παρεθικετο]
1224 3347 1286 3414 ἀντὶ

174 3459 227 3529 rob
250 3449 406 3536 ἐφέλκετο·
428 3448 545 3525 εὐτελὲς
565 3456 660 3530 τοῦτο,
691 3447 737 3514 διὸ
760 3447 810 3514 καὶ
835 3449 985 3534 κεραύνιον
1008 3448 1177 3536 παρέθηκεν
1196 3446 1286 3536 Ἀρι-

176 3551 334 3638 στοφάνης
379 3556 480 3621 Cuius
513 3555 597 3639 signi
626 3572 706 3617 usus
735 3554 864 3618 minime
894 3554 945 3618 hic
967 3575 1006 3618 ea
1027 3566 1198 3640 potestate,
1222 3577 1286 3642 qua
1345 3616 1349 3622 .

176 3658 270 3730 affert
303 3658 458 3742 Isidorus,
492 3658 516 3739 l,
540 3659 571 3740 2,
593 3658 646 3739 21,
677 3667 713 3720 ut
744 3656 814 3720 vult
842 3655 1011 3722 Nauckius
1041 3679 1073 3742 p.
1097 3661 1148 3742 18,
1183 3662 1287 3745 accipi
1371 3721 1374 3724 ,

177 3765 431 3848 potestzegitur
453 3762 538 3825 enim
561 3762 602 3824 de
624 3781 723 3825 versu
746 3780 810 3825 uno
827 3770 961 3844 propter
979 3763 1072 3826 unius
1089 3764 1181 3827 vocis
1201 3765 1287 3829 inso-

178 3862 309 3929 lentiam
320 3866 473 3946 notando,
486 3886 550 3930 non
563 3865 604 3928 de
618 3863 771 3947 pluribus,
793 3865 920 3949 quibus,
943 3875 977 3928 ut
994 3877 1105 3930 censet
1119 3866 1287 3934 Nauckius

180 3990 211 4053 p.
225 3969 279 4052 30,
303 3970 451 4035 notandis
475 3969 661 4041 ceraunium
682 3968 756 4033 loeo
779 3968 865 4033 obeli
887 3967 1015 4054 singulo
1038 3971 1156 4056 cuique
1178 3973 1288 4037 versui

181 4071 342 4147 adiieendi
372 4073 490 4144 lsidori,
520 4073 562 4144 de
593 4081 786 4156 praecepto¹
807 4082 1024 4156 apponeretur
1062 4081 1109 4152 (.
1146 4075 1174 4158 ξ.
1210 4077 1287 4150 49.).

181 4173 298 4261 Neque
318 4178 500 4261 putaverim
521 4176 555 4241 id
578 4178 728 4262 signum,
758 4195 864 4260 aquo
887 4176 1041 4242 abstinuit
1068 4180 1288 4262 Aristarchus,

182 4279 222 4357 ed
244 4278 680 4376 condemnandumversum
699 4281 741 4370 ab
760 4279 978 4367 Aristophane
994 4281 1145 4361 adhiberi
1159 4282 1291 4348 solitum
