2902 4822
699 408 770 487 36.

249 604 316 670 Sed
349 613 495 669 revertor
525 602 567 666 ad
595 602 809 686 propositum
854 602 951 686 Quod
978 602 1075 667 modo
1103 601 1145 666 de
1165 601 1280 669 1111011·

164 712 250 774 mine
272 710 440 791 utriusque
469 705 650 790 argumenti
677 707 711 769 in
735 707 808 771 cod.
830 703 957 771 Veneto
978 709 1107 771 tractati
1129 706 1212 789 dixi,
1243 706 1278 773 id

163 815 297 896 insuper
329 831 370 876 eo
393 808 611 892 confirmatur,
642 809 731 894 qnod
764 809 884 874 collato
916 807 1153 892 Excerptorum
1184 810 1280 876 Rom.

163 917 271 1000 capite
290 915 392 979 altero
410 914 475 977 iarn
494 921 585 976 certo
604 921 704 994 patet,
727 931 766 976 01
785 932 868 996 quac
887 913 921 975 in
939 912 1011 976 cod.
1026 910 1154 978 Veneto
1174 913 1292 979 altero‘

164 1019 387 1101 exhibeantur,
422 1016 463 1079 ad
495 1014 600 1078 solam
633 1023 784 1077 notarum
816 1015 1089 1079 Aristarchiarum
1121 1017 1280 1082 rationem

163 1114 325 1208 spectare,
349 1120 426 1184 dnm
447 1137 501 1181 res
522 1118 556 1180 in
577 1117 686 1200 priore
708 1127 864 1181 tractatae
886 1128 999 1201 aperte
1019 1118 1062 1182 ad
1078 1119 1281 1203 disciplinam

163 1223 398 1290 Aristarchiam
419 1219 557 1304 posthac
577 1222 676 1284 variis
699 1221 804 1285 modis
827 1220 1052 1303 amplificatam
1068 1231 1181 1305 aperte
1204 1241 1280 1306 per*

164 1328 276 1409 tinent,
300 1325 342 1390 ad
363 1322 500 1389 verbnm
521 1320 713 1407 plerumque
736 1344 810 1387 cum
832 1322 1071 1407 Excerptorum
1091 1322 1184 1388 Rom.
1206 1345 1278 1410 cap·

162 1431 267 1514 primo
290 1426 519 1511 conspirantia,
542 1425 607 1488 hoc
628 1436 736 1488 tamen
757 1427 887 1489 nominc
920 1427 1059 1508 diversa,
1090 1425 1180 1510 qnod
1199 1446 1279 1492 non·

49 1524 53 1533 ’
164 1532 251 1597 nulla
284 1531 533 1609 admisceantur,
569 1547 652 1610 quac
675 1547 694 1590 a
717 1527 831 1592 codice
859 1528 952 1593 Rom.
984 1529 1112 1593 absunt.
1155 1526 1281 1593 Eodem

163 1637 262 1720 igitur
284 1635 383 1715 fonte,
408 1631 449 1695 de
471 1649 536 1713 quo
558 1650 591 1692 v.
614 1636 643 1702 s.
670 1629 728 1712 14,
751 1642 904 1695 auctores
926 1650 1064 1695 necesse
1087 1640 1137 1694 est
1158 1639 1280 1695 statua·

163 1757 237 1800 mus
259 1754 340 1799 usos
363 1753 455 1816 esse,
479 1730 640 1794 Venetum
662 1751 742 1795 vcro
763 1733 809 1797 ita
832 1745 865 1797 ut
887 1733 1015 1798 aliunde
1044 1731 1203 1817 quaedam
1223 1731 1280 1797 ad-

163 1837 340 1919 miscuerit,
363 1835 426 1898 alia
458 1853 537 1897 1010
560 1835 655 1897 etiam
683 1837 838 1918 omiserit,
869 1838 959 1901 velut
991 1855 1075 1921 qnae
1104 1833 1146 1897 de
1167 1854 1280 1899 001110

165 1943 218 2005 110
240 1940 429 2005 afferuntur.
471 1936 611 2000 Diversa
633 1957 712 2001 vero
735 1940 805 2003 eius
828 1942 930 2022 partis
953 1938 1108 2020 Venetae,
1131 1957 1216 2021 quac
1236 1936 1279 2003 ad

165 2044 235 2109 sola
271 2040 471 2108 Aristarchia
505 2041 599 2125 signa
633 2052 776 2124 spectat,
799 2043 882 2106 ratio
917 2052 985 2125 011,
1017 2039 1279 2126 qnandoquidem

165 2168 203 2211 ea
238 2156 392 2230 quantum
421 2142 463 2207 ad
496 2163 549 2207 res
579 2153 731 2208 tractatas
766 2164 839 2208 cum
872 2143 1110 2229 Excerptorum
1141 2163 1212 2227 cap.
1239 2140 1279 2207 11.

165 2249 260 2334 plane
291 2246 452 2330 convenit,
484 2246 519 2308 in
551 2246 659 2310 verbis
682 2266 762 2311 vcro
785 2247 931 2330 dissidet,
966 2258 1002 2312 11
1030 2268 1072 2312 11
1100 2266 1142 2310 ex
1163 2244 1284 2311 codem

166 2352 255 2416 fonte
278 2362 415 2435 uterque
436 2349 591 2432 hauserit,
613 2350 648 2413 in
669 2351 776 2415 rnedio
797 2350 1044 2435 relinquendum
1067 2351 1119 2415 sit.

688 2518 696 2534 .
727 2473 777 2536 11.

474 2579 527 2633 De
560 2471 751 2636 Anecdoto
782 2573 967 2638 Parisino.

251 2691 347 2757 Haud
368 2692 586 2775 spernendum
609 2701 676 2756 tum
698 2713 763 2776 res,
797 2694 839 2758 de
862 2716 925 2780 qua
947 2695 1089 2780 agimus,
1118 2701 1186 2757 tum
1207 2694 1280 2777 ipsa

165 2798 392 2882 grammaticae
414 2795 547 2858 Latinae
568 2795 704 2860 historia
736 2799 970 2862 incrementum
1003 2798 1088 2879 cepit
1110 2816 1151 2860 011
1173 2795 1281 2860 Aneo-

166 2900 254 2982 doto,
278 2898 366 2984 quod
389 2917 431 2963 011
452 2897 537 2962 cod.
572 2897 747 2963 Parisicnsi
769 2901 856 2964 7530
885 2921 972 2966 saec.
1003 2899 1084 2962 Vlll.
1115 2899 1239 2982 scripto
1260 2918 1281 2963 a

166 3003 287 3068 Theod.
310 3002 524 3066 Mommsenio
546 3003 774 3086 transcriptum
789 3002 952 3089 Bergkius
974 3003 1120 3088 vulgavit
1138 3000 1280 3066 Zeitsch.

165 3107 242 3172 11.
272 3106 409 3170 Alterth.
442 3103 536 3166 1815.
559 3102 622 3166 Νο.
648 3106 684 3167 11
718 3126 767 3191 sq.
791 3117 823 3170 01
852 3105 914 3171 Νο.
940 3107 989 3170 14.
1020 3126 1087 3190 sq.,
1110 3107 1142 3169 in
1173 3103 1282 3169 fronto

166 3208 375 3290 inscriptum:
413 3205 537 3270 „Notae
569 3205 658 3268 XXI.
693 3227 776 3292 quae
808 3210 959 3274 versibus
993 3209 1112 3293 apponi
1141 3227 1282 3273 consue·

168 3320 270 3375 runt.r
319 3306 420 3372 Cuius
439 3306 537 3370 libelli
560 3325 659 3390 quum
680 3310 825 3394 inprimis
848 3313 875 3376 is
898 3313 970 3376 finis
997 3313 1099 3376 luisse
1122 3310 1280 3392 videatur,

168 3425 203 3478 11
225 3412 266 3476 de
288 3431 351 3476 usu
383 3420 531 3474 notarum
553 3410 586 3473 in
614 3413 721 3494 poetis
742 3413 864 3478 Latinis
898 3423 1126 3497 exponeretur,
1161 3425 1281 3496 tamen,

168 3516 319 3601 quoniam
347 3513 408 3578 lrae
441 3514 532 3597 ipsae
555 3532 596 3576 ex
618 3512 752 3580 Graecis
787 3516 901 3582 litteris
924 3516 1069 3581 adscitae
1091 3526 1182 3600 sunt,
1216 3535 1282 3580 non

167 3620 271 3704 potuit
294 3617 364 3683 fieri
386 3617 463 3701 quin
494 3616 589 3682 simul
617 3616 817 3683 Graecorum
844 3632 941 3685 notae
967 3629 1192 3702 tractarentur,
1215 3638 1281 3703 quo

167 3723 288 3787 facturn
309 3730 344 3786 11
367 3739 467 3804 quum
489 3721 632 3784 cuiusvis
667 3722 750 3807 signi
773 3731 839 3786 1111
870 3722 956 3807 apud
986 3722 1152 3786 Romanos
1185 3741 1282 3805 quam

168 3824 255 3910 apud
277 3823 424 3889 Graecos
448 3842 527 3887 usus
550 3832 701 3887 accurate
724 3824 903 3908 explicatus
926 3826 985 3907 sit,
1017 3825 1082 3890 hoc
1102 3822 1212 3890 libello
1234 3826 1282 3888 in·

169 3936 381 3991 strumentum
409 3926 494 3988 nacti
527 3925 640 4008 simus,
679 3945 744 4010 quo
776 3929 875 3992 totius
908 3928 1045 3993 instituti
1079 3936 1112 3991 01
1134 3926 1226 4011 origo
1249 3934 1283 3990 et

169 4049 346 4114 processus
384 4027 517 4091 mirifice
552 4027 740 4093 illustretur.
794 4029 845 4095 De
872 4041 1005 4095 auctore
1040 4028 1140 4092 libelli
1175 4028 1282 4113 dequo

168 4141 293 4216 aetate,
328 4151 392 4216 qua
417 4129 587 4213 scripserit
648 4131 682 4195 in
706 4133 902 4200 coniecturis
925 4130 1198 4219 acquiescendum
1220 4141 1281 4195 011.

168 4231 252 4297 Nam
269 4232 358 4318 quod
370 4252 430 4317 pro
451 4242 541 4296 certo
560 4232 812 4305 aBenedictinis
823 4236 858 4302 S.
880 4236 995 4322 Mauri,
1019 4236 1074 4321 qui
1094 4233 1189 4318 primi
1211 4232 1283 4297 eius
