2902 4822
755 434 833 515 158

739 635 769 704 8·
796 628 853 695 43.

294 779 346 835 ne
368 776 475 836 obelo
506 772 729 835 criticorum
755 771 1037 832 numericorum
1064 770 1299 831 Aristarcho

661 879 925 953 posteriorum.

244 1063 248 1069 ·
327 1014 376 1108 De
406 1015 623 1101 posteriorum
652 1034 715 1080 usu
737 1015 778 1081 ab
800 1011 991 1079 Aristarcho
1021 1009 1254 1097 aliquantillum
1286 1012 1351 1078 dia·

239 1132 393 1206 crepante
413 1121 533 1185 dictum
556 1124 584 1190 S.
607 1117 659 1182 36.

241 1371 308 1458 'ne
329 1399 519 1461 asterisco
551 1396 773 1457 criticorum
796 1391 1076 1453 numericorum
1098 1394 1327 1456 Aristarcho

653 1499 913 1576 posteriorum.

239 1680 242 1685 -
321 1635 464 1705 Prorsus
497 1639 648 1703 convenit
680 1631 916 1719 posterioribus
955 1649 1029 1697 cum
1062 1633 1271 1718 Aristarcho,
1313 1646 1347 1705 nt

236 1742 435 1810 ostendimus
458 1751 487 1817 s.
511 1743 563 1807 37.

734 1900 762 1966 S·
790 1892 842 1956 45.

298 2024 352 2080 ne
374 2021 474 2081 obeli
496 2037 574 2078 cum
595 2016 788 2077 asterisco
816 2013 936 2074 iuncti
964 2031 1032 2073 usu
1062 2014 1280 2076 criticorum

379 2124 663 2183 numericorum
685 2120 914 2177 Aristarcho
937 2118 1196 2192 posteriorum.

317 2257 405 2323 ldem
429 2257 516 2344 quod
538 2257 579 2320 de
601 2254 758 2319 asterisco
777 2271 860 2336 puro
883 2255 978 2321 etiam
1001 2253 1061 2318 hac
1084 2253 1125 2318 de
1148 2264 1222 2319 nota
1246 2252 1344 2322 valet.

232 2359 270 2428 u.
291 2361 319 2447 p.
335 2358 395 2428 as.

728 2522 756 2588 s.
784 2513 837 2577 46.

353 2659 402 2716 ne
434 2656 645 2730 antisigma
678 2657 902 2715 criticorum
932 2659 1217 2720 numericorum

516 2759 750 2819 Aristarcho
783 2762 1053 2833 posteriorum.

311 2910 453 2977 Prorsus
476 2921 508 2976 et
530 2910 728 2977 adverbum
751 2915 852 2978 ferme
873 2913 956 2977 inter
974 2914 1222 2980 seconveniunt
1231 2915 1339 2985 Auec-

100 3009 105 3015 ’
226 3015 339 3081 dotum
360 3014 452 3079 Rom.
475 3035 504 3079 c.
526 3015 540 3077 l
562 3023 595 3077 et
615 3012 807 3100 Parisinum,
830 3036 872 3081 ex
891 3015 1009 3100 quihus
1028 3035 1093 3101 quo
1112 3018 1211 3083 morlo
1228 3030 1339 3103 poste·

225 3119 329 3184 riores
363 3119 465 3183 critici
499 3119 667 3202 antisigma
701 3122 753 3185 usi
785 3122 868 3201 sint,
911 3118 1098 3202 planissime
1130 3123 1338 3206 perspicitur.

224 3221 326 3306 Atqui
355 3221 551 3306 amegistro
581 3241 643 3286 suo
666 3223 889 3288 discesserunt
920 3223 974 3287 isti
1006 3241 1046 3285 co
1068 3224 1168 3307 quod,
1203 3225 1262 3290 uhi
1281 3224 1337 3291 iiia

224 3324 394 3409 antisigma
415 3343 533 3408 purum
555 3335 761 3408 apposuerat,
796 3327 1107 3409 circumpunctatum
1134 3327 1335 3411 adhiberent,

223 3446 305 3511 puro
328 3427 381 3491 alii
403 3427 535 3492 notandi
557 3447 704 3509 caussae,
738 3428 778 3492 de
801 3448 865 3513 qua
887 3447 964 3492 mox
993 3428 1175 3514 dicendum,
1208 3431 1334 3497 relicto.

222 3528 346 3595 Anecth
359 3528 451 3599 Rom.
470 3551 497 3598 c.
514 3529 537 3594 l.
561 3541 593 3595 et
604 3527 779 3597 Venetum:
809 3532 855 3603 ὓ·
877 3530 913 3596 τὸ
936 3531 970 3597 δὲ
992 3529 1143 3618 ἀντίσιγμα
1163 3555 1334 3619 παρακατ-

222 3629 307 3719 ptour
330 3634 532 3717 παρατίθεται,
554 3629 621 3698 ὅταν
642 3637 804 3721 saecolum*
825 3633 876 3701 acl
895 3635 946 3720 τὴν
968 3633 1058 3721 αὐτὴν
1080 3632 1207 3702 διάνοιαν
1228 3636 1333 3703 haica-

222 3758 274 3822 ραν
296 3737 377 3824 λέγῃ.
421 3737 526 3804 Huius
559 3739 690 3823 quidem
723 3741 809 3825 signi
842 3741 876 3802 in
905 3739 1019 3804 codice
1050 3739 1157 3804 iliadis
1193 3738 1331 3825 Veneto,

220 3852 327 3926 neque
347 3842 381 3905 in
403 3850 558 3906 contextu
581 3862 686 3926 neque
707 3844 740 3906 in
761 3841 913 3925 Schoiiis,
941 3842 1028 3907 nulla
1049 3863 1188 3927 usquam
1209 3845 1332 3909 mentio

220 3943 304 4008 t'aota
326 3953 388 4009 est.
430 3943 538 4009 Nihilo
560 3955 667 4008 tamen
698 3946 806 4010 secius
828 3947 861 4010 in
883 3946 1112 4013 vetustissimis
1139 3946 1211 4013 eius
1231 3968 1331 4033 gene

219 4032 265 4111 ris
287 4046 372 4111 notis
394 4046 457 4113 hoc
479 4048 651 4132 antisigma
671 4049 894 4131 referendum,
918 4047 1181 4134 quandoquidem
1200 4051 1235 4114 in
1256 4049 1329 4116 Pia·
1360 4050 1373 4075 ⁸

220 4150 337 4215 tunicis
359 4151 491 4235 scriptis
512 4152 662 4217 notandis
677 4151 855 4216 adhibitum
871 4152 1051 4238 eademque
1063 4163 1329 4238 potestateprae-

220 4252 322 4318 ditum
343 4272 442 4341 supra
469 4254 624 4321 vidimus:
657 4254 746 4338 quod
766 4255 797 4320 si
817 4273 884 4320 non
904 4256 946 4321 ab
966 4255 1201 4342 Aristophane,
1229 4276 1329 4343 qnam
