2902 4822
685 435 762 516 173

166 637 218 702 νὀς
239 635 317 707 etc,
339 626 395 692 nbi
418 628 505 712 quod
527 637 588 711 pro
610 649 769 714 περιρεροο
799 628 876 708 (sic)
898 629 1027 713 scripsi,
1061 632 1279 715 suppeditavit

168 731 272 817 Etym.
288 732 330 796 Μ.
354 754 384 816 p.
399 733 474 814 530,
498 735 550 815 53,
575 737 713 799 eundem
737 755 777 798 ex
798 733 979 798 Philoxeno
1002 737 1171 802 articulum
1186 761 1278 823 prae-

166 842 267 900 stans.
312 834 422 899 Schoi.
453 836 537 918 apud
570 836 750 901 Prellerum
783 835 957 900 Notatione
994 838 1067 902 cod.
1101 838 1277 926 Hamburg.

168 935 337 1021 Odysseae
358 937 444 1003 Part.
467 938 491 1000 1.
513 939 600 1022 psa
622 941 697 1002 item
721 960 762 1002 ex
785 938 965 1002 Philoxeno
988 940 1102 1004 similia
1122 944 1278 1028 reserens,

166 1035 250 1122 παρὰ
271 1035 362 1123 μέρος
383 1037 520 1123 σώματος
541 1037 611 1125 περὶ
641 1047 695 1105 τοῦ
723 1037 867 1122 ἀγκῶνος.
912 1039 966 1102 Ad
995 1043 1085 1104 vocis
1118 1044 1279 1128 significa·

164 1142 285 1206 tionem
308 1154 473 1226 praeterea
497 1145 537 1210 cf.
560 1145 671 1209 Schol.
694 1144 812 1229 Odyss
836 1165 866 1222 οι,
894 1144 968 1208 441.
993 1167 1026 1227 ρ,
1049 1146 1100 1210 46.
1131 1146 1279 1215 Eustath.

165 1243 208 1307 ad
226 1242 320 1309 iliad.
343 1267 373 1326 α,
398 1247 461 1308 170
484 1258 521 1310 et
539 1246 711 1331 Rhodigini
735 1247 845 1328 Antiq.
871 1245 944 1310 lect.
968 1245 1043 1327 XV,
1066 1248 1118 1312 20.
1138 1248 1278 1331 *Quibus

165 1347 315 1411 omnibus
338 1346 463 1412 collatis
486 1368 550 1412 non
574 1359 682 1431 potest
705 1348 853 1428 dubitari,
878 1348 1278 1433 quinoxopoi'rpcnominc
1338 1418 1341 1421 ,
1391 1374 1393 1376 ·

165 1459 198 1513 et
216 1445 347 1536 γκορωνὶς
370 1459 402 1512 et
425 1451 595 1526 acornicis
618 1449 729 1513 habitu
750 1448 836 1513 iilius
859 1453 949 1515 vocis
973 1452 1171 1535 significatus
1190 1451 1278 1515 ducti

165 1552 238 1619 sint.
291 1551 364 1632 Quo
394 1553 489 1616 etiam
521 1554 661 1635 pertinet
700 1554 755 1637 qui
791 1553 832 1615 ab
867 1553 976 1618 habitu
1013 1550 1088 1618 colii
1120 1553 1279 1618 Simonidi

165 1655 282 1735 dicitur
301 1651 393 1730 ἵππος
413 1656 589 1740 κορωνίδης,
623 1667 658 1722 ut
681 1659 812 1741 egregie
842 1678 861 1720 a
884 1656 1064 1722 Weiokero
1091 1679 1152 1741 pro
1174 1677 1278 1743 κορο-

164 1760 244 1844 step<
266 1761 420 1843 scriptum
455 1774 515 1844 est,
548 1761 718 1844 probatum
742 1771 774 1822 et
803 1757 1052 1825 Schneidewino
1075 1760 1278 1828 Zeitschr.f.

165 1864 197 1927 d.
218 1863 355 1928 Alterth.
380 1865 464 1928 1836
487 1887 520 1949 p.
543 1867 609 1928 372
631 1875 662 1929 et
684 1863 828 1948 Bergkio
852 1863 1064 1930 Commentat.
1095 1869 1163 1930 crit.
1188 1888 1277 1952 spec.

160 1987 196 2050 p.
222 1968 273 2046 19,
296 1968 351 2050 qui
373 1976 480 2030 tamen
502 1968 623 2032 mavult
645 1968 804 2051 κορωνίνγς.

250 2067 309 2134 Est
331 2081 498 2153 practerea
522 2075 616 2136 etiam
639 2071 700 2136 alia
724 2071 794 2136 eius
817 2071 902 2154 signi
931 2073 982 2134 vis
1012 2092 1086 2135 cum
1108 2094 1158 2152 ea,
1182 2093 1279 2157 quarn

163 2171 271 2237 adhuc
300 2175 444 2257 tractavi,
478 2195 541 2238 non
572 2172 813 2238 contundenda:
849 2193 961 2257 quam,
993 2193 1091 2258 quum
1114 2176 1223 2258 potius
1246 2177 1278 2238 in

163 2278 249 2342 notis
271 2279 488 2362 grammaticis
511 2299 605 2363 quam
630 2278 750 2340 criticis
771 2276 938 2340 referenda
960 2279 1013 2358 sit,
1037 2278 1140 2341 verbo
1154 2289 1278 2342 tantum

164 2392 304 2464 tangam
348 2378 428 2444 Rem
450 2380 588 2445 illustrat
622 2379 765 2442 Lexicon
798 2378 839 2440 de
870 2377 1055 2460 spiritibus,
1089 2381 1151 2445 snb
1182 2380 1284 2444 finem·
1313 2444 1321 2450 x

164 2498 197 2564 p.
210 2483 288 2546 242:
308 2475 416 2547 Ἰοτέον
438 2479 517 2567 imi]
539 2479 665 2566 κορωνὶς
687 2477 743 2545 οὐκ
765 2477 795 2544 ἓν
817 2477 926 2556 πάσαις
946 2480 1056 2546 τίθεται
1077 2504 1141 2557 ταις
1162 2478 1278 2565 aprim-

165 2567 299 2663 σιν,ἆλλ
296 2576 397 2648 ’ὅταν
420 2582 449 2649 ὲν
472 2584 588 2670 ἁρρογῇ
611 2583 664 2648 δύο
686 2583 754 2656 λέξο
755 2607 796 2648 ων
819 2580 982 2668 γένηται
967 2593 1174 2669 ηκρᾶσις,ο
1158 2579 1271 2649 οἷον
1242 2605 1277 2648 το

164 2684 267 2769 ἔργον
273 2693 409 2770 τοῦργον·
436 2686 472 2753 τὸ
494 2689 592 2752 ἔλαιον
620 2683 770 2752 τοῦλαιον·
797 2685 832 2749 τὸ
855 2686 943 2767 ἔπος,
965 2680 1144 2769 reisach.
1167 2685 1277 2750 Schol.

164 2785 319 2871 Sophoci.
343 2790 422 2856 Oed.
446 2791 482 2855 Τ.
505 2789 583 2876 89]·
605 2789 655 2856 καὶ
677 2792 750 2874 ἔγω,
772 2788 873 2873 κάγώ·
907 2789 945 2857 τὰ
967 2791 1062 2873 ἄλλα,
1084 2791 1197 2871 τᾶλλα,
1226 2786 1279 2856 καὶ

164 2887 202 2954 τὰ
224 2887 326 2974 ὅμοια·
349 2890 417 2960 ὅταν
440 2895 474 2960 δὲ
492 2897 533 2981 μή
557 2894 585 2961 ἐν
610 2895 728 2981 ἁρμογῇ
749 2893 858 2968 λέξεων
883 2896 937 2961 δύο
955 2897 1065 2978 γίνηται
1078 2894 1148 2979 [aut
1162 2891 1278 2978 γένηται

164 2992 349 3080 legendum,
372 3013 426 3063 ant
438 3014 575 3086 utroque
589 3003 662 3066 ioco
676 2998 800 3084 γίνηται]
824 2999 973 3085 ἡκρᾶσις,
1002 2998 1036 3064 οὒ
1052 3000 1192 3084 citerani]
1210 3023 1277 3064 κον-

164 3101 264 3183 ρνννίς,
286 3099 349 3168 οἷον
370 3100 451 3184 νόος,
471 3111 554 3178 νοῦς·
576 3102 680 3186 πλόος,
703 3106 806 3177 πλοῦς.
842 3105 888 3168 ita
903 3105 1010 3169 locum
1029 3106 1168 3168 restituit
1184 3104 1278 3169 Bois·

164 3205 320 3269 scnadius
351 3206 473 3270 Anecd.
504 3207 560 3271 Gr.
583 3206 619 3271 Τ.
642 3208 678 3272 il.
703 3230 731 3290 p.
754 3208 808 3290 37,
842 3208 979 3271 similem
1011 3206 1107 3273 alium
1131 3220 1172 3269 ex
1197 3204 1277 3272 coa.

164 3301 247 3390 Reg
277 3306 380 3372 Paris.
415 3310 498 3372 1270
527 3310 635 3374 locum
666 3311 865 3394 grammatici
895 3309 1062 3373 cuiusdam
1095 3308 1276 3372 conterens.

165 3409 262 3473 Adde
295 3409 401 3495 Etym.
434 3410 479 3475 M.
509 3434 539 3496 p.
566 3413 639 3492 763,
671 3417 722 3476 10.
768 3413 893 3494 Quibus
925 3412 1116 3477 testimoniis
1151 3411 1277 3475 coiiatis

164 3526 276 3596 aperte
299 3517 454 3598 sequitur,
485 3518 766 3600 grammaticorum
795 3536 835 3579 ex
859 3516 1008 3579 doctrina
1029 3516 1178 3580 coronidi
1199 3534 1276 3579 non·

165 3620 226 3682 nisi
249 3620 282 3681 in
304 3637 345 3682 eo
362 3639 488 3700 genere
509 3622 662 3701 cresium,
687 3639 773 3705 quae
788 3621 820 3681 in
839 3638 999 3682 concursu
1012 3617 1146 3682 duarum
1159 3633 1277 3683 vocum
1314 3614 1316 3618 ’
1421 3608 1424 3609 ’

164 3733 362 3802 constarent,
386 3722 492 3785 locum
517 3724 624 3787 datum
647 3742 732 3786 esse.
777 3721 945 3803 Quocirca.
966 3729 1113 3782 errarunt
1139 3719 1276 3802 poiso-

164 3823 290 3907 phoclis
323 3825 424 3888 Aiace
459 3827 526 3889 init.
549 3823 699 3909 moiprioa
733 3826 828 3888 etiam
861 3834 936 3907 post
967 3820 1187 3905 Schaeiernm,
1216 3815 1276 3908 ¹qni

165 3925 294 4007 spirito„
314 3925 366 3988 vei
389 3927 497 4008 potius
508 3928 675 4008 coronide,
696 3940 732 3991 ut
744 3927 915 3991 dicendum
931 3937 1010 4006 erat,
1034 3943 1149 3990 vocem
1163 3944 1276 3991 carere

267 4083 373 4160 κὸρονον,
394 4082 488 4157 λέγουσι
504 4089 545 4134 τοῦ
569 4064 692 4152 ἀγκῶνος,Ι
720 4077 807 4145 Quem
826 4040 936 4134 mersum
961 4042 1207 4150 convaliis-metti
1221 4074 1275 4133 ibi·

170 4190 173 4196 ·
246 4169 332 4224 »dem
351 4169 433 4247 editis
452 4167 586 4222 editorem
608 4167 677 4234 sugit
695 4168 745 4220 iam
770 4175 834 4221 ante
852 4167 992 4236 migatnm
1018 4181 1082 4221 essa
1101 4183 1116 4219 a
1135 4163 1222 4221 Titzio
1240 4167 1275 4223 ad
1350 4199 1351 4204 κ

268 4246 403 4310 mamis
420 4249 593 4325 iioscircpnii
613 4249 719 4324 Opone.
735 4265 847 4323 gramm.
864 4250 953 4325 poti.
1202 4267 1204 4270 ·
