2902 4822
769 401 818 475 14

241 589 429 673 dixerimus,
452 589 642 654 recensendi
661 603 754 656 erunt
776 593 797 656 ii
820 594 874 676 qui
897 592 939 656 de
958 593 1059 676 signis
1076 594 1196 658 criticis
1216 595 1350 678 quibus·

147 730 148 733 π
240 695 290 758 vis
322 695 496 778 scripsisse
521 694 677 778 feruntur,
708 696 851 759 immixta
879 694 975 760 simul
1002 690 1211 760 ‘enarratione
1235 716 1349 762 eorum

239 798 445 882 scriptorum,
469 815 552 880 quae
573 795 616 858 ad
638 804 781 859 nostram
803 803 938 859 aetatem
958 795 1082 878 perlata
1104 807 1198 861 sunt:
1222 798 1255 861 in
1278 800 1349 882 quie

240 902 301 966 bus
319 901 473 984 temporis
492 900 584 982 ratio,
611 909 764 984 quantum
777 899 811 963 id
830 900 913 975 inre
926 900 1031 985 magis
1049 900 1089 964 ab
1103 900 1236 965 arbitrio
1251 922 1349 987 quam

239 1023 257 1067 a
280 1013 371 1068 certo
394 1003 513 1067 iudicio
535 1001 696 1085 pendente
717 1002 787 1066 lieri
809 1011 935 1086 potest,
968 1001 1148 1067 habebitur.
1193 1003 1348 1072 Ceterum

239 1108 327 1192 quod
349 1107 438 1171 iuxta
448 1104 679 1188 Aristonicum,
702 1103 883 1190 Diogenem
899 1116 931 1170 et
942 1105 1154 1171 Philoxenum
1173 1107 1205 1172 in
1220 1107 1272 1190 iis,
1293 1107 1350 1192 qui

239 1209 281 1274 de
302 1210 405 1293 signis
427 1208 548 1274 criticis
571 1207 798 1290 scripsissent,
822 1208 984 1273 Nicanore
1006 1219 1156 1274 recenset
1179 1209 1348 1276 Nauokius

16 1321 18 1324 ’
129 1341 136 1346 *
239 1313 280 1377 de
306 1312 524 1396 Aristophane
545 1311 625 1396 Byr.
648 1332 679 1395 p.
704 1313 755 1392 16,
779 1312 908 1395 lallitnr,
943 1311 1039 1395 idem,
1075 1322 1110 1376 ut
1132 1333 1218 1378 nunc
1239 1313 1348 1398 video,

238 1426 399 1480 statuente
432 1412 681 1478 Friedlaendero
714 1414 764 1477 De
798 1414 1024 1499 Nicanoresp.
1059 1417 1100 1479 1:
1135 1416 1229 1500 signa
1264 1417 1349 1482 enim

238 1520 433 1601 distinctiva,
466 1538 551 1603 quae
583 1517 625 1581 ad
656 1518 947 1600 interpunctionem
975 1529 1134 1602 spectant,
1165 1518 1349 1605 dequibus

238 1621 432 1685 Nicanorem
464 1620 637 1703 scripsisse
670 1629 809 1702 constat,
844 1621 886 1685 ab
917 1622 980 1687 illis
1014 1623 1144 1704 criticis,
1181 1641 1264 1708 quae
1286 1621 1348 1685 ad-

236 1723 382 1802 hibuisse
404 1742 478 1786 eum
499 1721 551 1786 vel
573 1722 695 1805 scripto
717 1721 826 1807 aliquo
847 1724 1028 1790 illustrasse
1051 1744 1145 1789 nemo
1174 1726 1349 1790 memoriae

236 1824 395 1908 prodidit,
441 1817 641 1908 seiungenda
670 1833 746 1889 sunt
784 1846 910 1913 nosque
941 1839 1040 1896 totam
1068 1829 1152 1893 hanc
1181 1828 1348 1892 materiam

237 1929 388 1994 intactam
412 1926 610 2012 reliquimus.

752 2110 780 2178 S.
802 2105 833 2174 3.

494 2246 547 2302 De
573 2243 801 2303 Aristonico
823 2239 1084 2319 grammatico.

322 2377 385 2461 Qui
406 2377 448 2442 de
467 2376 530 2441 boc
552 2377 730 2441 clarissimo
753 2398 833 2442 suae
861 2379 975 2442 aetatis
1002 2379 1229 2462 grammatico,
1258 2376 1349 2443 Stra·

233 2483 310 2549 boni
339 2502 491 2565 suppare,
521 2490 597 2564 post
619 2481 820 2546 Boeckbium
848 2481 954 2546 Praei.
987 2481 1029 2545 ad
1050 2480 1225 2549 Pindarum
1246 2481 1284 2546 Τ.
1308 2481 1349 2550 ll.

233 2606 267 2668 p.
285 2581 361 2647 XVI
383 2587 433 2664 (ut
453 2585 579 2666 priores
602 2583 764 2667 omittam)
788 2584 962 2668 disputavit
976 2584 1078 2650 Lehrs
1101 2585 1152 2649 De
1166 2586 1348 2653 Aristarchi

124 2747 126 2751 .
233 2687 349 2751 studiis
371 2685 552 2750 Homericis
575 2685 663 2749 Diss.
686 2685 710 2748 l.
734 2689 840 2770 capite
862 2687 886 2770 l,
911 2689 998 2773 quod
1020 2691 1052 2752 in
1063 2689 1240 2753 Aristonici
1262 2687 1346 2751 libro

234 2789 275 2853 de
296 2791 382 2852 notis
404 2786 585 2852 Aristarchi
606 2787 796 2851 illustrando
819 2799 968 2852 versatur
990 2799 1103 2872 totum,
1139 2799 1171 2852 et
1194 2786 1283 2853 Diss.
1306 2785 1344 2850 ΙΙ.

234 2891 264 2974 §.
297 2892 326 2955 9.
363 2891 419 2972 19,
458 2891 546 2953 iuxta
578 2889 799 2954 Muetzellium
838 2888 971 2955 Emend.
1011 2889 1176 2974 Theogon.
1210 2887 1343 2954 Hesiod.
1401 2960 1406 2967 ,

232 3019 264 3080 p.
287 2995 351 3058 288
373 3010 423 3077 sq.
446 2994 516 3077 (qui
538 2992 653 3056 eodem
676 3012 762 3056 anno
784 2992 867 3056 liber
887 2994 920 3056 in
942 2993 1060 3078 vulgus
1083 2993 1215 3075 prodiit)
1238 2992 1344 3056 omnia

230 3099 276 3163 ita
298 3100 481 3181 occupavit,
510 3117 549 3161 ac
571 3115 632 3180 pro
654 3096 798 3160 sollertia
820 3115 880 3159 sua
902 3115 1007 3178 paene
1036 3095 1194 3178 exhausit,
1225 3103 1261 3158 ut
1282 3094 1345 3157 nisi

230 3201 390 3286 quaedam
424 3201 536 3265 relicta
566 3201 795 3281 observarem,
827 3198 969 3261 breviori
1004 3197 1080 3261 mihi
1112 3215 1187 3261 esse
1220 3195 1343 3261 liceret.

231 3306 430 3373 Ordiendum
452 3326 471 3369 a
505 3304 626 3369 Stridae
648 3306 768 3386 verbis,
792 3324 811 3367 a
832 3302 967 3366 Lehrsio
991 3303 1119 3367 demum
1141 3304 1174 3365 in
1196 3302 1344 3366 ordinem

230 3413 274 3475 ita
307 3410 448 3474 redactis
480 3432 513 3492 p.
550 3411 591 3474 3:
643 3405 843 3493 Ἀριστόνικος
877 3405 1092 3490 Ἀλεξανδρεὺς
1124 3401 1342 3488 γραμματικός·

228 3516 343 3601 ἔγραψε
364 3512 511 3599 περὶτῶν
535 3513 664 3597 σημείων
686 3521 745 3578 τῶν
768 3511 797 3577 ἐν
819 3518 856 3598 τῇ
879 3511 1022 3596 Θεογονίᾳ
1041 3506 1182 3574 Ἡσιόδου
1210 3507 1342 3575 καὶτῶν

227 3627 282 3703 τῆς
309 3613 436 3691 Ἰλιάδος
467 3613 518 3682 καὶ
549 3616 744 3691 Ὀδυσσείας·
773 3613 960 3680 ἀσυντάκτων
996 3610 1147 3697 ὀνομάτων
1183 3612 1282 3694 βιβλία
1310 3609 1341 3686 ς’.

228 3717 368 3803 Scripsit
389 3721 496 3804 igitur,
528 3730 563 3783 ut
583 3719 685 3784 libros
707 3715 895 3784 ἀσυντάκτων
928 3715 1079 3801 ὀνομάτων
1106 3737 1192 3782 nunc
1214 3717 1341 3784 omitta-

227 3841 317 3903 mus,
351 3820 392 3884 de
425 3822 527 3906 signis
560 3831 628 3884 tum
662 3820 796 3894 Hesiodi
830 3821 1056 3905 Theogoniae,
1091 3832 1157 3884 tum
1190 3819 1279 3884 Iliadi
1307 3829 1340 3884 et

227 3920 398 4007 Odysseae
430 3923 599 4006 appositis,
633 3940 771 4004 quorum
804 3943 886 4007 quae
918 3924 960 3987 ad
994 3923 1166 3989 Homerica
1197 3923 1340 3986 carmina

226 4026 436 4109 pertinerent,
476 4025 517 4088 ab
538 4025 729 4090 Aristarcho
752 4025 878 4091 adiecta
900 4046 985 4109 esse,
1020 4026 1074 4091 vel
1094 4027 1165 4091 sine
1194 4027 1339 4091 testimo·

203 4129 300 4209 niis,
323 4147 407 4213 quae
429 4127 557 4191 abunde
586 4129 672 4213 apud
694 4129 863 4194 Lehrsium
895 4133 1006 4213 (quem
1028 4130 1231 4212 potissimum
1260 4147 1338 4193 con·

226 4231 315 4297 sulas
350 4252 380 4314 p.
412 4228 453 4315 8)
488 4231 648 4318 leguntur,
686 4231 839 4296 credibile
869 4241 931 4312 est,
967 4242 1001 4294 ut
1024 4231 1169 4296 eiusdem
1196 4229 1237 4305 de
1260 4249 1337 4294 con·
