2902 4822
745 429 824 505 252

230 623 408 704 Addamus,
440 641 509 687 rem
543 612 677 690 mirifice
706 622 911 708 comprobari
932 620 1074 688 Scholiis
1106 622 1140 685 in
1161 618 1341 709 Vergilium

228 726 485 811 Veronensibus,
519 728 635 813 quibus
666 730 721 795 ubi
755 727 853 793 Probi
875 748 992 792 nomen
1020 726 1211 811 reperiatur,
1245 724 1341 793 Vale·

228 833 311 896 rium
328 830 572 916 intelligendum
591 854 677 918 esse,
700 834 775 899 olim
788 854 975 898 monueram
987 830 1086 899 Beitr.
1108 829 1145 894 Τ.
1159 830 1198 897 Π.
1218 852 1250 916 p.
1261 832 1339 897 269.
1362 828 1367 865 ³

229 935 374 1018 Quorum
406 934 564 1019 locorum,
595 957 692 1021 quum
716 936 878 1025 Bergkius
908 938 942 999 in
963 955 1133 1001 censuram
1155 954 1221 1002 non
1242 955 1341 1001 voca·

228 1040 280 1123 rit,
303 1059 365 1125 age
386 1040 528 1105 rationes
551 1060 760 1124 exponamus.
804 1041 1020 1105 Numerantur
1044 1039 1109 1105 loci
1131 1050 1209 1107 tres.

314 1145 396 1209 Aen.
416 1143 454 1226 ll,
471 1145 548 1209 173:
570 1145 761 1231 „subusque
777 1166 843 1230 per
864 1152 957 1209 orirer
978 1144 1092 1208 Sudor
1116 1140 1153 1229 ir]
1176 1142 1251 1211 Hoc
1271 1144 1341 1229 epi·

229 1249 340 1313 theton
372 1248 668 1333 demonstrativum,
703 1269 766 1333 quo
799 1252 899 1314 totius
929 1250 1078 1332 corporis
1112 1268 1212 1313 sucus
1243 1248 1341 1313 etiam

228 1364 326 1438 gustu
348 1354 489 1436 potuerit
523 1356 675 1440 agnosci:
710 1354 815 1418 saleru
846 1372 988 1438 numque
1020 1351 1200 1417 laborando
1231 1358 1341 1417 manet

229 1457 269 1521 de
292 1477 430 1542 corpore
453 1457 563 1523 sudor.
607 1458 735 1522 Probus
759 1457 843 1521 malo
867 1458 1008 1541 epitheto
1030 1466 1121 1542 putat
1142 1476 1240 1523 usum
1261 1476 1341 1541 poe·

228 1571 303 1646 tam,
327 1563 431 1626 critici
450 1582 530 1626 vero
553 1562 709 1626 naturalia
732 1560 872 1647 epitheto
894 1584 916 1626 a
931 1563 1040 1647 poetis
1067 1581 1228 1646 nusquam
1249 1559 1341 1625 inbo-

227 1678 320 1732 nesto
343 1675 456 1751 putant
477 1664 607 1730 locari«
653 1665 799 1751 Servius,
830 1676 1004 1751 postquam
1034 1686 1093 1730 cur
1112 1665 1218 1731 raom
1238 1662 1341 1730 sudor

228 1780 316 1836 recte
348 1769 452 1834 dictus
486 1771 529 1833 sit
561 1768 752 1854 exploravit,
783 1770 891 1862 addit:
929 1770 1057 1835 „Probo
1087 1789 1167 1835 sane
1189 1767 1341 1854 displicet

227 1875 332 1940 subus
355 1873 466 1956 ardor,
501 1886 533 1938 et
555 1895 757 1959 supervacue
780 1877 922 1960 positum
951 1876 1090 1943 videtur.
1132 1872 1206 1938 Hoc
1232 1882 1340 1939 autem

226 1978 350 2043 Ennius
373 1978 415 2042 de
436 1978 544 2044 Lamis
568 1978 645 2067 [leg.
669 1978 808 2066 Lumiis]
832 1980 940 2046 dinit.r
976 1979 1066 2045 Haec
1088 1977 1218 2065 quidem
1239 1976 1341 2043 Probi

227 2083 363 2148 offensio
396 2093 522 2169 poterat
552 2106 631 2150 sane
655 2085 740 2149 nudo
767 2087 861 2170 signo
896 2084 1070 2150 declarari:
1104 2083 1138 2147 id
1165 2100 1247 2147 vero
1268 2081 1341 2147 fieri

164 2218 168 2227 ·
226 2209 292 2253 non
314 2190 418 2272 potuit
438 2188 521 2253 locis
544 2188 764 2274 sequentibus.

237 2280 240 2287 ’
312 2292 370 2377 ΙΧ,
403 2293 483 2358 369:
521 2292 645 2379 siccat]
747 2292 819 2359 Hoc
851 2294 925 2359 loco
959 2294 1113 2359 adnotant
1142 2291 1272 2357 Probus
1307 2299 1341 2357 ct

226 2398 390 2482 Sulpicius
413 2400 608 2464 eontrarium
630 2398 676 2462 illi
698 2419 773 2463 esse
795 2401 893 2484 sepsit
913 2420 947 2463 ee
970 2400 1060 2467 tectis
1078 2416 1247 2483 aaronque
1264 2394 1340 2463 refi-

227 2505 296 2588 quit
327 2501 502 2585 habacuc«
537 2502 604 2587 Vll,
643 2505 715 2567 600.
762 2501 845 2567 'lum
874 2525 922 2569 vs.
957 2503 1037 2567 373:
1074 2498 1261 2587 conclusus]
1286 2544 1338 2567 ...

226 2606 354 2671 Probus
385 2606 438 2670 hic
466 2608 574 2690 posuit
606 2609 803 2691 aptissimum
824 2607 886 2672 hoc
917 2606 1101 2691 exemplum
1122 2626 1164 2671 ex
1184 2604 1338 2671 Horatio:

227 2711 332 2778 Nocte
358 2709 512 2776 ambutri
531 2710 616 2775 nihil
634 2719 725 2776 ostro
741 2720 878 2796 praeter
899 2712 979 2778 uidit
999 2723 1029 2777 et
1042 2708 1177 2793 mama
1209 2708 1338 2795 ocul,

226 2817 279 2899 27,
303 2817 355 2897 at,
379 2835 475 2900 quem
497 2813 622 2880 Horatii
647 2815 756 2881 locum
778 2814 919 2903 sublegit
940 2816 1049 2881 Probo
1077 2814 1224 2903 Servius.
1266 2810 1340 2878 Hoc

227 2932 333 2987 tamen
358 2920 432 2985 loco
454 2921 565 3005 quaeri
587 2930 706 3004 potest,
730 2940 772 2984 an
794 2920 994 2986 adnotationi
1014 2921 1110 2986 etiam
1138 2919 1260 2985 notatio
1282 2916 1339 2983 ad·

226 3028 309 3092 iecta
330 3027 436 3092 fuerit.

313 3129 478 3196 Hactenus
501 3128 541 3192 de
552 3128 677 3195 Probor
702 3130 821 3214 dequo
837 3129 940 3194 lubuit
954 3130 1151 3196 succinctius
1162 3147 1338 3215 exponere,

228 3236 302 3321 quia
320 3244 408 3298 totus
423 3232 476 3298 hic
495 3232 587 3300 locus
605 3255 679 3299 cum
697 3235 886 3320 quaestione
897 3234 1064 3319 ampliore,
1078 3236 1133 3321 qui
1144 3243 1195 3300 est
1206 3232 1340 3299 dePro·

226 3339 278 3405 bis
289 3339 515 3423 grammaticis,
531 3340 689 3405 artissime
703 3342 894 3405 coniunctus
906 3349 967 3423 est,
989 3338 1065 3405 olim
1082 3361 1101 3405 a
1119 3360 1170 3404 me
1182 3340 1339 3423 instituta,

227 3453 304 3528 post
322 3444 411 3509 varia
429 3452 477 3509 tot
493 3444 636 3509 virorum
652 3444 760 3509 studia
777 3443 949 3530 aliquando
968 3464 988 3509 a
1008 3465 1060 3509 me
1073 3442 1285 3510 retractanda.

730 3609 759 3676 s.
781 3600 835 3664 76.

420 3727 471 3782 De
503 3726 648 3785 ceteris
677 3725 826 3785 Latinis
854 3724 1147 3783 adnotatoribus.

312 3862 447 3928 Praeter
469 3860 540 3926 vat
553 3861 695 3928 Probum
719 3862 759 3928 de
782 3862 853 3926 aliis
875 3862 1093 3947 grammaticis
1115 3862 1171 3949 qui
1191 3860 1277 3927 illius
1298 3862 1342 3928 ad

228 3967 358 4032 modum
379 3967 528 4032 notandis
551 3967 765 4052 scriptoribus
777 3966 898 4031 Latinis
922 3986 1053 4050 operam
1077 3965 1243 4033 dedissent
1260 3966 1342 4031 certi

228 4070 306 4137 nihil
327 4071 369 4135 ad
391 4081 532 4135 nostram
561 4073 705 4136 notitiam
736 4058 896 4156 perlatum
929 4083 996 4145 est:
1032 4090 1106 4135 nam
1134 4070 1226 4135 mitto
1254 4088 1342 4135 eom·

228 4177 459 4241 mentariorum
481 4176 533 4241 vel
555 4176 705 4241 similium
728 4176 983 4240 lucubrationum
1004 4184 1168 4260 auctoreS,
1190 4174 1341 4261 quoniam

229 4302 270 4347 au
284 4280 383 4345 unali
401 4278 497 4345 etiam
511 4280 679 4366 signorum
696 4280 880 4347 criticorum
899 4278 1093 4347 adminiculo
1114 4279 1167 4347 usi
1187 4280 1254 4349 siut
1274 4296 1342 4347 uon
