2902 4822
640 453 718 533 255

123 639 324 708 Recentioris
354 652 461 711 tamen
489 648 721 732 cuiuscumque
751 650 925 717 notationis
956 651 1086 715 criticae
1116 651 1233 721 indicia

123 758 210 811 certa
233 750 267 809 in
288 749 457 816 codicibus
479 752 671 837 quibusdam
692 764 822 815 servata
843 761 929 833 suut,
951 773 992 818 eo
1014 755 1120 821 minus
1141 779 1233 842 eper-

123 852 245 936 nenda,
281 864 346 937 quo
378 872 416 917 ea
445 855 611 939 signorum
639 853 832 919 adminiculo
862 855 1046 940 diligentius
1075 880 1231 946 expressa

122 967 175 1022 est
193 959 390 1044 insuperque
420 976 510 1024 more
531 959 601 1023 fere
633 961 765 1043 antiquo
786 959 820 1023 in
851 959 1058 1045 designandis
1081 968 1230 1034 versibus

122 1064 240 1147 spuriis
269 1062 324 1127 vel
356 1066 519 1148 suspectis
553 1084 595 1128 ex
625 1075 716 1149 parte
746 1074 904 1130 versatur.
954 1065 1115 1149 Quantum
1150 1092 1230 1139 vcro

120 1167 233 1233 harum
254 1177 411 1251 notarum,
434 1180 569 1253 quarum
592 1168 853 1235 observationem
881 1169 1033 1237 laudabili
1053 1173 1231 1243 industriae

120 1274 333 1337 cummaxime
364 1271 502 1338 Weberi
535 1272 690 1338 debemus
725 1271 828 1349 (Dies.
862 1272 903 1337 de
938 1278 1058 1368 spuriis
1086 1288 1119 1343 et
1146 1280 1230 1345 male

120 1380 282 1462 suspectis
304 1378 429 1442 Lucani
449 1379 600 1444 versibus
623 1397 653 1460 p
686 1377 761 1442 436
783 1383 848 1462 sq.)
877 1379 1100 1466 pervestigare
1127 1380 1229 1468 licuit,

119 1482 302 1569 singulatim
324 1503 385 1569 age
407 1503 607 1552 enarremus.

205 1588 293 1663 )l=t·
321 1587 378 1672 lX,
413 1591 488 1655 499.
511 1611 561 1676 sq
593 1590 625 1653 in
655 1585 727 1652 cod.
754 1586 915 1672 Lipsiensi
943 1588 1167 1672 cappositum
1187 1532 1229 1661 nd

119 1693 267 1757 vitiosam
300 1694 413 1759 horum
443 1713 598 1761 versuum
630 1693 833 1756 iterationem
862 1711 903 1755 ex
931 1712 1001 1759 vss.
1024 1692 1097 1757 604.
1122 1714 1173 1780 sq.
1195 1705 1230 1761 ut

117 1793 283 1862 Weberus
304 1799 445 1864 ostendit
465 1821 498 1884 p
519 1798 596 1880 435,
618 1795 873 1883 significandam.

202 1903 238 1978 2)
272 1901 392 1969 lineola
424 1903 582 1969 subducta
614 1902 809 1967 adversum
835 1900 1043 1968 indicandum
1071 1850 1228 1987 spurium,

118 2006 210 2071 cuius
232 2006 415 2091 exemplum
435 2005 604 2073 Websrus
625 2006 757 2089 profert
771 2003 813 2087 V,
835 2005 917 2072 321:

245 2112 275 2176 ιι·
294 2132 362 2177 noa
377 2113 509 2197 fanetei
528 2110 633 2177 otdbte
655 2111 846 2199 linguaeque
867 2108 1029 2191 tumultuas,

116 2216 158 2281 ab
180 2215 428 2300 interpolatore,
458 2225 494 2283 ut
521 2214 636 2281 similis
663 2214 837 2279 verborum
870 2215 977 2279 exitus
998 2212 1104 2279 mum
1126 2220 1229 2305 etta,-

105 2308 232 2386 'nmium
265 2320 425 2404 ostendit,
450 2342 482 2386 v.
504 2319 603 2384 Web.
635 2338 667 2403 p.
689 2319 771 2402 436,
807 2319 886 2385 satis
909 2322 1031 2384 recenti
1051 2321 1227 2407 inserturos

115 2424 169 2489 vel
190 2425 232 2490 ad
253 2424 427 2492 notandam
449 2426 642 2491 sententiam
663 2442 877 2506 communem,
910 2421 1015 2509 qualis
1037 2434 1089 2491 ast
1111 2445 1227 2505 versus

115 2529 157 2615 X,
180 2532 265 2595 407·
334 2584 338 2591 ,
1212 2584 1217 2599 .

242 2634 335 2699 nulla
353 2633 438 2718 fides
453 2636 624 2720 pietasque
644 2635 730 2717 aima,
753 2633 809 2719 qui
828 2639 941 2698 cosma
962 2642 1147 2719 seqtmntur

117 2758 254 2821 prorsus
284 2739 326 2802 ad
359 2738 497 2804 eundem
526 2738 677 2823 modum,
711 2757 808 2823 quem
838 2740 871 2802 in
902 2737 1051 2804 Mediceo
1083 2736 1229 2828 Vergilio

117 2844 368 2908 observavimus.
795 2870 798 2875 ·
1086 2866 1089 2871 ·

202 2949 239 3024 3)
269 2963 302 3019 0
324 2946 367 3015 ad
387 2947 606 3032 suspicionem
629 2944 871 3032 designandam,
895 2945 984 3029 quod
1004 2945 1133 3031 signum
1158 2946 1229 3012 cod.
1270 3020 1274 3027 ¹

115 3051 203 3137 Lips.
226 3072 244 3117 a
266 3049 433 3117 Weberus
466 3075 499 3137 p.
521 3052 587 3117 437
608 3050 807 3134 adscriptum
837 3049 1024 3115 observavit
1056 3048 1123 3134 Vll,
1145 3051 1228 3135 lib:

245 3154 340 3222 obvia
362 3156 521 3223 ominem
537 3157 887 3243 promutontmwnra
903 3155 1038 3240 flentes,
1125 3220 1129 3227 ,
1168 3206 1186 3239 ·.

117 3261 172 3345 qrri
184 3280 312 3344 versus,
329 3260 436 3325 iudice
449 3259 608 3344 Webero,
618 3261 778 3347 genuinus
789 3259 930 3344 quidem,
948 3258 1009 3325 sed
1022 3257 1115 3323 salvo
1129 3278 1230 3325 sensu

116 3362 234 3428 abesse
248 3365 369 3453 possit.
387 3362 568 3429 Convenit
558 3366 657 3448 rgitur
671 3364 739 3429 sere
757 3383 830 3429 cum
848 3384 888 3429 ea
900 3373 989 3448 nota,
1010 3362 1162 3449 quemad
1174 3363 1230 3427 de-

115 3467 231 3559 lendos
243 3466 535 3535 versusMediceus
542 3466 676 3554 Vergilii
687 3468 836 3533 librarius
851 3487 931 3533 usus
943 3475 1003 3531 est.
1024 3464 1171 3531 Aliam
1143 3466 1231 3535 simi·

114 3569 178 3634 lem
184 3568 352 3637 Webarus
365 3573 631 3657 significationem
644 3572 694 3638 his
705 3571 843 3635 notavit.
866 3567 1019 3655 Signum
1031 3568 1111 3633 illud
1119 3568 1229 3635 locum

115 3676 293 3761 versus„in
306 3675 451 3739 inferiori
460 3675 739 3762 marginescripti,
750 3685 787 3739 ut
801 3673 934 3757 inLips.
951 3692 980 3739 c.
992 3670 1047 3756 lx,
1065 3673 1227 3759 319-21,

116 3778 244 3861 indicat,
266 3777 446 3866 neglectis
467 3775 609 3864 librario,
634 3779 709 3865 quia
731 3798 848 3844 sensus
870 3777 941 3843 sine
963 3795 1003 3841 eo
1026 3776 1225 3865 constabat.

202 3884 238 3966 4)
259 3889 309 3967 -ξ
350 3886 408 3966 -ζ-
429 3881 627 3967 adscriptum
649 3884 684 3947 in
704 3882 793 3966 Lips.
815 3902 834 3947 a
856 3879 913 3964 lX,
936 3880 980 3945 73
1001 3889 1034 3945 et
1055 3880 1114 3945 74:

246 4010 332 4057 nunc
351 3998 459 4054 tamar
478 3985 530 4052 tic
552 3987 648 4075 Iunge
668 3988 724 4071 qui
737 3984 845 4074 fitlpat
866 3984 935 4049 lnce
956 3981 1105 4073 malim
1197 4045 1202 4051 .

247 4093 341 4180 ignia,
361 4090 469 4159 adduc
491 4090 618 4176 aliquid
636 4089 763 4167 Phario
786 4088 826 4155 de
848 4088 940 4154 utare
961 4108 1098 4176 surgens

121 4195 369 4281 transpicionem,
390 4207 429 4271 nt
447 4197 494 4261 ait
503 4195 670 4260 Weberus
691 4215 723 4278 p.
740 4192 816 4278 4³8,
838 4191 1094 4279 interpolationis
1106 4202 1226 4276 movet,

117 4301 540 4388 praesertim··qnt1m.prior
560 4286 678 4368 versus
707 4297 837 4377 abnuo
859 4294 921 4363 Me.
945 4295 1047 4383 Gortii
1067 4297 1168 4382 absit,
1194 4304 1227 4361 et
