2902 4822
692 455 743 530 25

162 648 282 710 tionem
304 647 337 710 in
357 645 462 731 Etym.
485 645 528 711 M.
535 694 544 728 ,
575 647 756 730 quaemihi
779 646 907 730 quidem
930 646 1039 731 plures
1059 647 1101 711 ob
1124 667 1269 730 3333333,

163 749 203 813 de
227 751 344 834 quibus
365 769 451 813 nnnc
473 769 539 813 non
561 760 654 813 vacat
676 769 851 833 exponere,
875 762 1028 833 suspecta
1051 762 1118 815 est:
1153 753 1271 814 etenim
1334 805 1339 814 ,

163 853 195 914 ni
217 852 377 934 omnihus,
401 851 545 933 plurimis
567 862 673 917 tamen
695 854 777 917 13313
800 852 874 914 mihi
907 853 1036 936 quidem
1065 873 1130 916 non
1151 852 1271 937 Dioge-

162 976 232 1038 nes,
256 956 316 1019 sed
335 956 556 1039 Diogenianus
579 957 643 1021 dici
674 956 813 1021 videtur.
857 953 924 1019 Sed
952 957 1090 1019 certiora
1119 957 1271 1038 suppedi-

163 1058 276 1121 tabunt
303 1057 459 1141 Diogenis
490 1043 672 1124 testimonia
701 1057 832 1123 Scholia
854 1058 1036 1142 Homerica,
1068 1077 1271 1143 11333333-

163 1160 247 1222 mine
270 1160 407 1222 hominis
430 1181 514 1225 nunc
536 1160 666 1226 adrem
689 1165 793 1245 ipsam
816 1181 876 1225 nos
900 1147 1030 1226 ducunt.

251 1263 343 1343 Quae
362 1264 402 1326 de
419 1263 500 1327 libro
525 1277 673 1329 notarum
693 1286 710 1328 a
738 1262 837 1327 Suida
863 1266 1055 1349 referuntur,
1080 1276 1191 1348 aperta
1214 1285 1273 1349 per
1335 1282 1339 1289 ’

163 1386 206 1429 33
218 1363 294 1428 3331
316 1368 406 1449 33113,
430 1367 489 1431 1133
501 1379 619 1431 tamen
636 1378 728 1450 parte
751 1366 857 1449 dubia,
881 1367 969 1450 quod
989 1389 1146 1450 quaerere
1165 1369 1271 1448 113331,

164 1479 270 1530 utrum
303 1467 468 1552 Diogenes
502 1491 714 1554 quaecunque
749 1471 842 1554 signa
873 1472 982 1533 critica
1012 1473 1046 1534 in
1067 1474 1272 1556 antiquorum

164 1572 294 1653 scriptis
316 1583 447 1654 reperta
482 1587 592 1637 essent
621 1574 774 1653 tractarit,
809 1594 850 1635 an
883 1573 1044 1656 quoddam
1079 1573 1184 1636 solum
1217 1593 1272 1657 ge-

165 1694 237 1757 nus,
272 1693 336 1756 quo
369 1678 599 1758 grammaticus
632 1679 748 1762 aliquis
770 1677 974 1758 antiquus'in
1000 1677 1142 1739 notando
1164 1674 1272 1758 aliquo

165 1777 324 1856 scriptore
352 1797 417 1841 uno
440 1799 519 1842 usus
553 1791 651 1845 33331.
695 1778 776 1842 111311
799 1779 828 1842 31
850 1787 1028 1861 teneamus,
1059 1780 1209 1862 quoniam
1232 1795 1273 1839 ex

166 1879 338 1941 testImonii
372 1881 436 1944 fide
468 1881 575 1944 solum
606 1882 738 1965 prodire
773 1881 923 1962 videtur,
967 1893 1074 1946 tamen
1106 1879 1273 1964 probabile

167 1991 227 2061 331,
249 1982 283 2042 in
305 1981 418 2047 harum
447 1994 596 2048 notarum
624 1985 827 2067 expositione
850 1993 1018 2047 auctorem
1040 1987 1082 2050 ita
1109 1992 1274 2048 versatum

166 2103 257 2166 esse,
280 2096 316 2147 ut
342 2089 397 2168 qui
418 2088 452 2149 in
472 2098 540 2150 tota
561 2087 622 2151 hac
644 2087 789 2150 doctrina
811 2088 905 2168 113331
927 2087 993 2150 dux
1013 2088 1133 2170 faxque
1156 2085 1273 2150 ceteris

166 2187 406 2273 praefulsisset,
442 2191 512 2254 eius
545 2191 716 2272 inprimis
746 2191 901 2253 rationem
931 2190 1072 2254 habitam
1093 2191 1205 2270 fuisse,
1240 2182 1275 2249 id

168 2291 255 2374 quod
278 2290 439 2375 colligitur
461 2304 562 2374 certo,
587 2294 711 2375 opinor,
735 2312 776 2354 ex
798 2291 907 2356 Schol.
938 2293 1025 2356 lliad.
1048 2296 1079 2372 o,
1101 2294 1177 2373 441,
1207 2290 1273 2369 ubi,

168 2393 253 2476 dipla
277 2395 386 2457 versui
404 2398 562 2479 apposita,
590 2397 636 2459 uti
657 2415 698 2457 ex
730 2394 878 2476 exemplo
902 2393 1026 2458 Villois.
1055 2394 1274 2478 cognoscitur,

168 2496 376 2560 Aristarchus
395 2494 436 2582 ἂμ
456 2500 590 2581 βωμοῖσι,
612 2497 779 2585 Diogenes
801 2492 969 2580 ἀμβώνεσσι
985 2496 1106 2581 legisse
1118 2496 1274 2575 traditur3

166 2599 252 2661 unde
273 2601 409 2682 primum
431 2602 589 2682 113131,113
611 2601 750 2664 lectione
771 2600 945 2682 antiquitus
966 2601 1029 2663 iam
1049 2613 1122 2665 ante
1135 2601 1277 2663 Aristar·

167 2703 262 2764 ch'um
285 2702 462 2766 dubitatum
481 2726 574 2784 3333,
608 2725 647 2768 33
669 2706 779 2786 311113
802 2703 899 2788 dipla,
930 2723 1013 2786 11333
1043 2702 1276 2767 3333133311.

167 2802 248 2865 Ven.
270 2805 382 2888 fertur,
408 2807 493 2888 dipla
515 2817 666 2889 punctata
685 2810 798 2890 reponi
814 2807 918 2879 liceat,
943 2808 1103 2887 pertinere
1120 2827 1190 2869 eam
1204 2805 1276 2868 Ari·

168 2907 285 2970 starchi
300 2920 407 2971 notam
420 2910 460 2972 ad
474 2909 644 2973 lectionem
656 2910 814 2974 Zenodoti
828 2911 1015 2991 variantem,
1034 2909 1075 2971 ab
1087 2907 1277 2971 Aristarcho

167 3029 253 3072 nunc
286 3009 447 3094 relictam,
483 3024 551 3077 tum
579 3013 674 3076 valde
711 3012 878 3095 probabile
910 3012 1047 3092 videtur,
1086 3010 1277 3095 Diogenem,

169 3133 267 3194 quum
289 3114 329 3176 de
351 3117 435 3180 notis
459 3118 642 3180 criticorum
666 3124 788 3199 ageret,
812 3117 882 3178 eius
904 3114 969 3178 loci
997 3113 1160 3177 Homerici
1182 3113 1278 3198 ratio-

169 3235 242 3277 nem
264 3204 427 3299 habuisse,
452 3229 483 3281 et
506 3218 601 3282 simul
623 3220 771 3301 apposita
794 3238 851 3280 sua
873 3218 976 3301 ipsius
1005 3217 1045 3280 113
1068 3236 1107 3279 33
1132 3215 1278 3299 quamvis

169 3318 372 3402 discrepante
395 3323 564 3404 sententia,
598 3333 727 3385 veteres
750 3321 905 3404 magistri,
939 3321 1105 3402 inprimis
1137 3318 1278 3381 Aristar-

169 3422 470 3504 31133,.1133133113
500 3435 679 3506 notassent,
708 3425 911 3504 exposuisse.
956 3422 1092 3486 Praeter
1113 3421 1278 3484 laudatum
1322 3434 1323 3439 ’

170 3524 251 3587 31133
274 3525 388 3590 similis
412 3527 605 3591 conditionis
628 3535 734 3590 exstat
755 3526 900 3590 1333313
923 3524 1033 3588 Schol.
1056 3527 1086 3604 e,
1114 3524 1189 3602 296,
1214 3540 1278 3605 quo
1372 3584 1373 3587 ,

170 3628 348 3710 scripturae
371 3629 410 3690 ab
440 3628 629 3693 Aristarcho
654 3637 828 3710 susceptae
856 3627 1030 3709 opponitur
1059 3625 1210 3688 variantis
1232 3625 1279 3685 in·

169 3733 373 3812 terpretatio,
408 3752 504 3814 quam
535 3732 742 3814 proposuerit
764 3726 902 3811 Διογένης
931 3724 961 3793 ἐν
990 3726 1180 3811 ὑπομνήματι,
1215 3745 1279 3810 1133

170 3834 232 3894 iam
254 3833 468 3916 significatum
491 3836 539 3898 133
563 3844 613 3898 331
634 3834 814 3917 intelligere
835 3832 952 3895 librum
979 3827 1049 3914 περὶ
1066 3830 1202 3914 σημείων.
1235 3829 1280 3893 Α1

171 3939 317 4019 quamvis
341 3939 456 4019 omnia,
481 3958 564 4020 quae
587 3937 627 4001 de
649 3937 745 4001 huius
767 3936 876 4018 operis
905 3936 1027 3997 ratione
1050 3936 1215 4015 novimuS,
1239 3933 1281 3996 ad

170 4037 274 4102 solum
311 4041 534 4125 Aristarchum
567 4041 710 4122 redeant,
747 4039 843 4101 nolim
865 4047 973 4100 tamen
995 4047 1120 4121 putare,
1155 4040 1187 4101 in
1217 4038 1281 4100 hoc

171 4143 242 4205 solo
275 4155 464 4226 argumento
494 4142 681 4206 illustrando
717 4150 939 4226 argumentum
973 4143 1081 4224 operis
1115 4161 1154 4205 se
1181 4142 1279 4206 conti-

173 4247 293 4329 nuisse,
317 4248 404 4331 quod
426 4259 457 4310 et
479 4249 551 4329 ipse
573 4245 670 4309 index
693 4245 771 4309 satis
794 4242 938 4308 indicare
960 4244 1096 4308 videtur.
