2902 4822
637 439 710 514 221

121 629 304 715 διαιρέσεως,
327 629 378 697 καὶ
399 628 440 705 εἰς
464 631 514 716 τὴν
538 631 630 716 ἄλλην
654 633 862 713 διαπερῶντος.
891 628 1040 713 λιμνίσκος
1063 627 1109 696 ὑπ’
1132 629 1231 696 αὐτῶν

116 743 175 799 τῶν
206 733 316 820 ἰατρῶν
354 739 459 810 καλῶς
494 735 610 818 ἐκλήθη
642 731 690 798 διὰ
719 731 754 797 τὸ
791 728 936 816 λιμνάζειν
958 732 1147 820 κλοζόμενον
1180 733 1230 798 τὸν

115 837 203 923 μότον
226 840 255 905 ἐν
277 849 339 915 τοῖς
360 840 452 906 τόπου
476 841 584 925 ὑγροῖς.
608 839 655 904 διὸ
678 836 729 904 καὶ
750 845 835 903 τοῦτο
858 837 966 903 τὸτοῦ
989 841 1110 925 σημείου
1128 849 1237 925 σχῆμα.

114 950 175 1016 τοῖς
202 942 294 1016 δείοις
319 941 419 1026 λόγοις
448 941 608 1028 παρέθετο,
640 938 674 1007 ἵν’
705 939 754 1007 ὅτε
777 941 908 1015 σπανίως
937 963 994 1005 που
1025 941 1122 1025 εὕροις
1143 939 1232 1027 disp

115 1052 173 1107 τῶν
197 1044 455 1128 ἑβδομηκονταδύο
480 1049 620 1131 ἑρμηνείᾳ
643 1048 848 1128 διαφωνοόσαν
870 1042 957 1126 λέξιν,
982 1042 1016 1109 οἰι
1039 1046 1094 1129 μὴν
1113 1042 1231 1129 παροδ-

117 1171 179 1229 σαν,
214 1147 287 1214 οὐδὲ
322 1149 574 1234 προστεταγμένην
609 1148 704 1233 [Reg.
738 1145 987 1233 περιτεθειμένην]
1021 1157 1084 1222 ταῖς
1118 1145 1231 1231 ὁμοίαις

116 1250 192 1339 adra]
211 1250 319 1334 λέξεσι,
340 1255 436 1335 ,γνοὺς
461 1252 507 1320 ότι
537 1253 595 1320 ὑπὸ
619 1262 688 1338 μιᾶς
715 1256 805 1336 ζυγῆς
834 1251 853 1337 ἢ
879 1253 933 1317 δόο
963 1251 1036 1336 αὕτη
1059 1251 1230 1337 ἡρμηνεόδη

116 1356 235 1441 ἡλεξις
258 1355 307 1421 διὰ
336 1354 373 1421 τὰ
404 1359 603 1443 παρακείμενα
633 1357 687 1421 δόο
717 1357 889 1440 κεντίγματα.
918 1359 1049 1422 καλεῖται
1079 1356 1231 1420 δὲ’ταῦτα

115 1458 153 1525 τὰ
170 1460 393 1546 συναμφότερα,
421 1461 442 1548 ἢ
472 1460 618 1547 ὅμοια...
647 1459 733 1527 οὐδέν
763 1462 814 1547 μέν
838 1461 956 1538 ἐλλιπές
984 1461 1130 1548 ὑπάρχον,
1164 1461 1232 1527 οὔτε

118 1564 372 1649 παρηλλαγμένον,
395 1564 475 1631 ἀλλὰ
494 1565 529 1631 τὸ
553 1563 625 1631 αὐτὸ
648 1566 699 1650 μὲν
719 1562 864 1651 ὑπάρχον,
889 1564 1043 1650 διαφόρως
1063 1564 1096 1629 δὲ
1115 1563 1231 1649 [vulgo

115 1665 162 1751 τε]
188 1665 413 1756 ὀνομαζόμενον,
445 1670 488 1746 ὡς
515 1668 589 1737 εἶναι
613 1668 648 1736 οίι
674 1668 757 1755 παρὰ
780 1671 859 1752 (i),
890 1668 969 1735 ἀλλὰ
1002 1666 1231 1753 σοναμφοτέρως

117 1768 323 1855 ἐκφωνοῦνται,
356 1783 446 1841 ταῦτα
468 1772 517 1840 διὰ
538 1774 587 1840 τὸν
609 1777 756 1860 λιμνίσκον
778 1772 961 1858 έσημειιίιδη,
993 1773 1036 1848 ὡς
1058 1771 1140 1858 παρὰ
1162 1780 1232 1857 μιᾶς

118 1878 209 1961 ζυγῆς
230 1875 250 1961 ἢ
275 1879 328 1943 δόο
351 1879 572 1966 ἡρμηνευμένης
593 1904 625 1944 τε
646 1878 697 1946 καὶ
718 1877 927 1965 εὑρισκομένης
948 1876 1069 1954 λέξεως.
1114 1880 1148 1942 ln
1169 1879 1232 1944 hoc

115 1981 262 2063 pluribus
294 1987 479 2051 nominibus
510 1988 628 2050 misere
663 1996 819 2068 corrupto
852 1984 942 2067 loco,
977 1987 1029 2048 cui
1063 2004 1104 2048 ex
1139 1996 1232 2066 parte

116 2085 221 2149 solum
234 2087 286 2152 hic
298 2076 364 2153 illic
375 2091 578 2154 restituendo
598 2109 790 2155 succurrere
811 2089 956 2173 contigit,
980 2090 1072 2152 vocis
1094 2090 1233 2171 scriptu·

116 2207 183 2250 rarn
213 2190 382 2272 λιμνίσκος,
415 2195 560 2276 quamvis
589 2205 702 2279 aperte
733 2193 939 2275 mendosam,
973 2193 1107 2273 retinui,
1144 2190 1232 2275 quod

116 2294 286 2377 genuinam
301 2295 442 2360 ¹formam
462 2298 624 2381 λημνίσκος
645 2297 859 2381 Epiphanium
871 2299 1054 2382 ignorasse,
1078 2294 1231 2377 ostendit,

118 2415 213 2476 quam
235 2399 306 2481 ipse
330 2401 436 2482 dedit,
459 2404 551 2466 vocis
573 2403 760 2488 originatio,
784 2397 844 2464 ἀπὸ
868 2407 921 2464 τοῦ
942 2397 1104 2482 λιμνάζειν,
1127 2401 1189 2464 iam
1213 2420 1233 2464 a

117 2501 380 2587 MonteialconiO,
402 2507 457 2571 ubi
481 2509 522 2572 de
544 2511 635 2574 vocis
658 2518 767 2591 etymo
791 2516 823 2568 et
841 2505 1075 2590 significatione
1095 2506 1231 2590 quaerit,

117 2605 149 2666 in
173 2606 305 2670 dubium
328 2621 444 2674 vocata
466 2632 498 2694 p.
521 2613 574 2695 80,
598 2623 632 2675 et
653 2620 726 2674 ante
749 2607 835 2672 hunc
856 2605 1055 2692 aDausquio
1077 2607 1230 2690 Orthogr.

118 2706 189 2774 Lat.
211 2708 248 2772 Τ.
271 2709 295 2776 Ι.
318 2732 349 2794 p.
375 2714 447 2778 168.
479 2712 798 2797 ed.1677,dehoc
831 2711 925 2795 signo
948 2711 1079 2774 omnino
1114 2729 1232 2774 consu·

120 2811 227 2876 lendo.
263 2813 365 2880 Recte
387 2838 468 2882 vero
491 2818 689 2902 Epiphanius
712 2836 786 2879 cum
809 2810 893 2899 μότορ
923 2814 1061 2877 humidis
1084 2814 1231 2897 corporis

119 2913 201 2979 locis
231 2917 353 2986 inserto
387 2930 570 3004 comparat,
602 2920 732 2983 laudato
756 2918 954 2980 medicorum
986 2935 1065 2998 usu,
1097 2915 1137 2977 de
1167 2932 1232 2997 quo

122 3013 238 3083 Celsus
262 3016 331 3103 VH,
355 3023 418 3086 28:
446 3033 496 3087 net
526 3024 612 3086 intus
634 3019 820 3103 implicitum
849 3020 881 3081 in
899 3017 1131 3103 longitudinem
1153 3014 1232 3078 lina·

122 3130 263 3184 mentum
288 3122 465 3207 (λημνίσκον
497 3124 614 3190 Graeci
635 3125 768 3202 vocant)
802 3123 835 3184 in
858 3133 951 3185 aceto
974 3121 1107 3183 tinctum
1130 3117 1234 3181 dimit·

121 3230 191 3286 tere
221 3245 384 3313 supraque
402 3230 574 3295 succidam
597 3229 702 3293 lanam
724 3236 817 3289 aceto
848 3224 1029 3287 madentem
1058 3220 1230 3305 deligare.u

121 3322 278 3410 Vegetius
312 3333 383 3398 Art.
412 3344 476 3399 vet.
510 3334 548 3416 ΙΙ,
578 3335 638 3396 48:
678 3352 755 3414 »per
788 3330 944 3394 foramina
963 3328 1062 3397 etiarn
1096 3325 1233 3390 ustionis

121 3427 311 3500 lemniscum
334 3439 416 3504 trahi
449 3437 580 3520 debere,
615 3446 650 3500 ut
684 3433 839 3519 quidquid
867 3431 1019 3496 humoris
1055 3439 1123 3510 est,
1158 3445 1233 3510 ege·

122 3545 239 3603 ratur.a
276 3538 325 3604 cf.
343 3541 381 3625 ΙΙ,
408 3544 458 3606 14.
492 3542 691 3606 Potestatem
719 3548 828 3602 autem
858 3535 1005 3599 lemnisci
1033 3534 1134 3606 critici
1157 3530 1233 3614 Epi-

122 3638 259 3720 phanius
282 3644 302 3707 l.
325 3644 346 3709 l.
377 3645 504 3710 duobus
535 3647 584 3709 his
615 3641 772 3724 exemplis
799 3643 871 3722 ipse
901 3637 1063 3721 explicare
1091 3636 1232 3700 studuitz
1260 3677 1262 3681 -

120 3740 191 3834 γὅταν
214 3745 305 3832 εόρης
327 3746 371 3822 ὡς
393 3746 423 3813 ἐν
446 3751 662 3832 ἑβδομηκοστῷ
683 3747 802 3829 Ψαλμῷ
820 3738 976 3826 ἐμφέρεται
999 3739 1053 3821 ,τὸ
1068 3736 1163 3822 στόμα
1176 3760 1233 3823 μου

123 3844 275 3931 ἀναγγελεῖ
295 3852 347 3937 τὴν
370 3852 551 3936 δικαιοσύνην
566 3852 652 3932 σοο“,
676 3845 851 3933 ,,οἰναγγελεῐ
867 3843 921 3919 τὰς
938 3841 1123 3918 δικαιόσονας
1146 3845 1232 3922 σοο“,

116 3950 209 4018 ’πόλιν
240 3954 273 4019 δέ
303 3954 332 4022 έν
362 3963 407 4042 τῷ
434 3957 647 4040 ἑβδομηκοστῷ
674 3949 785 4036 πρώτῳ
808 3951 928 4033 Ψαλμῷ
960 3946 1031 4029 ,καὶ
1060 3948 1169 4032 ἔντιμον
1197 3947 1232 4013 τὸ

124 4054 217 4139 ὄνομα
245 4055 337 4124 adacti
366 4055 488 4123 ἐνώπιον
520 4053 642 4121 αιίτοόέί.
681 4051 743 4119 ἀντὶ
779 4050 813 4116 δὲ
841 4051 944 4116 τοότοο
977 4046 1129 4135 πρόκειται
1163 4045 1235 4131 ,καὶ

123 4159 235 4245 ἔντιμον
258 4160 291 4225 τὸ
313 4161 406 4246 ὄνομα
426 4160 518 4228 αὐτοῦ
540 4158 569 4226 έν
593 4155 791 4244 ὀφθαλμοῖςέί.
830 4155 1021 4241 Intellrgitur
1042 4156 1139 4240 igitur
1161 4174 1235 4216 sen·

124 4282 182 4328 sus
213 4265 416 4331 concinentia
446 4267 533 4331 inter
564 4266 656 4350 ipsos
688 4281 803 4328 sacrae
833 4262 1013 4358 scripturae
1041 4260 1234 4341 interpretes
