2902 4822
676 431 767 547 ¹39

185 592 372 702 omittimus,
393 624 541 706 quoniam
557 642 640 706 quac
652 623 755 704 affert,
773 624 814 686 ad
838 643 930 687 usum
945 632 1093 687 notarum
1113 624 1146 686 in
1165 624 1297 708 scriptis

112 790 115 793 ,
184 727 287 790 sacris
298 724 510 790 adhibitarum
521 727 616 790 unice
628 727 798 809 pertinent,
822 725 939 810 dequo
955 726 1035 789 inira
1060 726 1087 808 ξ.
1099 726 1136 788 71
1160 728 1294 792 dicetur.

689 904 717 971 s.
742 898 793 960 14.

457 1022 507 1075 De
530 1016 630 1078 fonte
652 1022 839 1078 Anecdoti
860 1021 1019 1078 Romani.

270 1133 472 1200 Veniendum
495 1137 559 1199 iam
581 1134 622 1198 ad
650 1137 693 1219 id,
718 1138 810 1201 cuius
830 1156 948 1200 caussa
972 1138 1076 1201 omnis
1096 1139 1176 1203 haec
1194 1142 1298 1222 scrip·

183 1250 291 1303 torum
314 1238 354 1301 de
381 1240 548 1323 signorum
578 1259 640 1302 usu
668 1249 779 1302 vetere
809 1241 958 1304 recensio
988 1260 1007 1303 a
1037 1242 1132 1304 nobis
1154 1243 1298 1305 instituta

185 1352 247 1423 est,
281 1352 315 1405 ut
337 1342 365 1404 si
379 1341 457 1407 lieri
478 1351 598 1424 potest,
631 1342 739 1404 fontes
761 1342 955 1423 aperiantur,
990 1361 1031 1405 ex
1061 1344 1179 1427 quihus
1214 1363 1297 1427 quae
1336 1363 1349 1377 ·

184 1445 218 1506 in
250 1444 422 1507 Anecdoto
457 1445 603 1508 Romano
634 1444 880 1526 perscribuntur
908 1443 1004 1507 ducta
1028 1447 1100 1508 sint.
1136 1445 1202 1508 lam
1218 1463 1298 1508 vero

185 1565 227 1608 ex
248 1545 364 1610 libellis
394 1547 475 1628 istis,
511 1568 593 1631 quae
616 1557 751 1610 aetatem
775 1546 931 1625 tulerunt,
962 1567 999 1608 ea
1024 1568 1107 1631 quae
1130 1527 1299 1610 in⁸codice

185 1649 331 1712 Romanu
369 1648 520 1732 leguntur
552 1669 658 1734 neque
692 1649 852 1731 descripta
889 1668 994 1732 neque
1035 1663 1187 1731 excerpta
1224 1667 1299 1712 esse

185 1769 296 1834 posse,
320 1761 559 1833 comparantem
581 1772 645 1816 non
667 1751 786 1814 latebit.
831 1750 881 1813 De
904 1752 1106 1835 cognatione,
1131 1770 1213 1834 quae
1236 1749 1300 1813 Ex·

186 1862 295 1934 cerpta
319 1853 463 1916 Romana
486 1856 569 1918 inter
590 1865 622 1918 et
646 1854 767 1917 Veneta
790 1854 978 1935 intercedat,
1002 1874 1063 1917 suo
1087 1855 1160 1917 loco
1179 1853 1310 1932 dictum

159 1978 168 2035 j
187 1954 215 2035 ς.
229 1955 284 2019 1οε
309 1975 391 2038 quae
405 1958 533 2040 quidem
557 1978 653 2042 quum
677 1976 791 2040 magna
804 1957 855 2037 sit,
879 1969 1063 2020 tamennon
1082 1958 1151 2019 eius
1159 1957 1299 2019 ‘rationis

187 2067 249 2138 est,
276 2067 313 2120 ut
341 2057 475 2121 alterum
499 2080 539 2123 ex
569 2060 671 2123 altero
702 2059 898 2141 profluxisse
929 2060 1041 2140 possit.
1085 2058 1201 2142 Neque
1225 2079 1298 2123 cum

185 2160 357 2223 Anecdoto
392 2161 566 2226 Parisiensi
603 2162 721 2226 nedum
744 2182 818 2224 cum
839 2159 964 2223 lsidoro
998 2160 1094 2224 ullam
1126 2160 1299 2244 Excerptis

187 2263 280 2326 Rom.
314 2265 541 2342 intercessisse
575 2264 863 2343 necessitudinem,
901 2273 1018 2344 sponte
1051 2275 1201 2347 apparet,
1235 2283 1300 2328 non

189 2365 279 2449 quud
306 2367 367 2429 ista
395 2365 507 2429 Latine
530 2369 648 2448 scripta
673 2378 758 2446 sunt,
782 2365 842 2428 sed
865 2363 953 2447 quod
976 2375 1008 2427 et
1036 2364 1135 2428 rebus
1157 2367 1241 2428 inter
1263 2386 1301 2428 se

189 2468 339 2530 differunt
371 2477 402 2530 et
431 2467 527 2552 longe
560 2469 723 2532 diversum
748 2467 918 2530 consilium
940 2477 1190 2550 prosequuntur.
1235 2467 1300 2530 Ex·

189 2580 300 2652 cerpta
330 2571 415 2633 euim
443 2570 586 2635 Romana
608 2591 673 2634 non
704 2571 809 2634 solum
832 2568 1032 2632 Graecorum
1056 2571 1128 2633 usui
1151 2579 1300 2634 notarum

188 2673 282 2734 unice
305 2671 457 2736 adstricta
481 2684 567 2755 sunt,
590 2674 650 2736 sed
673 2673 861 2754 disciplinae
884 2670 1044 2755 quandam
1066 2672 1300 2754 simplicitatem

188 2774 339 2855 produnt,
363 2775 404 2836 alt
427 2776 465 2838 iis
487 2776 686 2856 temporibus
709 2774 864 2855 alienam,
902 2774 1019 2857 quibus
1048 2773 1196 2858 signandi
1218 2793 1299 2838 usus

188 2875 229 2937 ab
242 2874 385 2939 Homero
397 2878 563 2961 epicisque
579 2880 686 2961 poetis
708 2877 749 2940 ad
768 2877 903 2940 aliorum
925 2877 1113 2959 quorumvis
1130 2887 1300 2957 poetarum

188 2977 310 3060 scripta
325 2979 493 3043 traductus
510 2990 570 3063 est,
595 2980 683 3066 quod
702 2979 830 3062 quidem
847 2979 925 3042 satis
942 2988 1066 3040 mature
1081 2978 1199 3040 factum
1213 2997 1299 3057 esse,

189 3099 231 3142 ex
253 3082 496 3166 consuetudine,
525 3103 587 3165 qua
609 3086 642 3146 in
664 3081 813 3146 notandis
833 3080 1018 3144 Latinorum
1042 3081 1171 3161 scriptis
1198 3080 1302 3142 critici

188 3180 324 3244 Romani
345 3184 407 3245 iam
429 3186 561 3249 saeculo
584 3196 658 3249 ante
681 3184 757 3250 Chr.
780 3205 809 3247 n.
833 3204 912 3248 usos
936 3202 1011 3247 esse
1033 3182 1177 3264 inprimis
1202 3192 1300 3245 testa·

102 3371 112 3375 -
188 3294 241 3347 tur
256 3284 460 3349 Anecdotum
477 3286 671 3370 Parisiense,
695 3295 785 3351 certo
808 3287 1027 3370 cognoscitur.
1061 3283 1143 3347 'lum
1167 3284 1207 3346 ab
1229 3285 1301 3347 istis

188 3385 348 3470 Excerpta
373 3390 467 3451 ctiam
491 3409 532 3451 eo
556 3391 736 3471 discedunt,
760 3389 848 3472 quod
870 3407 1065 3471 quamquam
1082 3388 1191 3469 priore
1210 3396 1301 3468 parte

189 3499 285 3553 notae
307 3491 496 3574 indicantur,
521 3513 604 3575 quae
625 3493 835 3557 Aristarchiis
857 3489 995 3572 posthac
1023 3489 1150 3551 demum
1174 3486 1302 3549 additae

189 3603 276 3674 sunt,
309 3602 415 3656 tamen
436 3594 548 3657 harum
582 3596 663 3657 ratio
687 3615 725 3656 ea
758 3591 883 3656 indoles
907 3602 966 3672 est,
995 3601 1032 3654 ut
1053 3592 1082 3654 si
1104 3590 1240 3653 formam
1262 3606 1302 3650 ac

189 3706 333 3757 naturam
356 3715 465 3758 earum
489 3707 630 3778 spectes,
666 3716 723 3758 eae
747 3695 839 3778 quasi
861 3715 902 3756 ex
938 3693 1107 3775 disciplina
1134 3692 1206 3773 ipsa
1229 3689 1302 3754 Ari·

188 3797 308 3859 starchi
331 3798 477 3879 profecta
512 3810 543 3862 et
566 3800 608 3861 ad
631 3797 855 3880 complendam
886 3815 956 3859 eam
980 3794 1148 3856 adinventa
1172 3791 1303 3854 videan-

190 3908 253 3980 tur,
277 3919 375 3983 quum
399 3902 592 3981 praesertim
617 3921 675 3964 eae
699 3901 791 3963 unice
815 3900 854 3962 ad
878 3897 1016 3962 notanda
1040 3896 1161 3977 scripta
1185 3893 1304 3958 llome·

188 4001 255 4063 rica
291 4011 446 4084 spectent.
492 4001 541 4065 De
573 4003 743 4066 Anecdoto
777 3999 902 4063 Veneto
938 3998 999 4062 sub
1030 3997 1126 4061 finem
1152 3998 1248 4062 huius
1272 4003 1301 4068 S.

188 4103 325 4169 dicetur.
368 4105 418 4168 Dc
452 4104 598 4169 Suetonii
633 4105 741 4167 libello
776 4112 905 4186 praeter
945 4100 1070 4163 titulum
1104 4100 1184 4163 certi
1227 4096 1303 4160 nihil

188 4205 305 4287 liquet:
329 4227 448 4271 verane
480 4209 543 4270 sint
576 4228 637 4270 nec
665 4227 704 4269 ne
729 4225 810 4288 quae
834 4205 861 4286 ξ.
889 4204 923 4265 ll
961 4203 1002 4266 de
1029 4202 1192 4266 Anecdoti
1214 4198 1302 4262 Pari-
