<?xml version="1.0" encoding="UTF-8"?>
<!DOCTYPE html PUBLIC "-//W3C//DTD XHTML 1.0 Transitional//EN"
    "http://www.w3.org/TR/xhtml1/DTD/xhtml1-transitional.dtd">
<html xmlns="http://www.w3.org/1999/xhtml" xml:lang="en" lang="en">
 <head>
  <title>
</title>
<meta http-equiv="Content-Type" content="text/html;charset=utf-8" />
  <meta name='ocr-system' content='tesseract 3.04.00' />
  <meta name='ocr-capabilities' content='ocr_page ocr_carea ocr_par ocr_line ocrx_word'/>
</head>
<body>
  <div class='ocr_page' id='page_1' title='image "./anecdotumromanu00osangoog_0257.png"; bbox 0 0 2902 4822; ppageno 0'>
   <div class='ocr_carea' id='block_1_1' title="bbox 751 430 831 507">
    <p class='ocr_par' dir='ltr' id='par_1_1' title="bbox 751 430 831 507">
     <span class='ocr_line' id='line_1_1' title="bbox 751 430 831 507; baseline 0 0"><span class='ocrx_word' id='word_1_1' title='bbox 751 430 831 507; x_wconf 66' lang='grc' dir='ltr'>ΜΟ</span> 
     </span>
    </p>
   </div>
   <div class='ocr_carea' id='block_1_2' title="bbox 228 621 1350 2075">
    <p class='ocr_par' dir='ltr' id='par_1_2' title="bbox 228 621 1350 2061">
     <span class='ocr_line' id='line_1_2' title="bbox 232 621 1348 712; baseline -0.003 -20"><span class='ocrx_word' id='word_1_2' title='bbox 232 625 359 712; x_wconf 79' lang='lat' dir='ltr'><strong>opinor,</strong></span> <span class='ocrx_word' id='word_1_3' title='bbox 391 623 536 691; x_wconf 89' lang='lat' dir='ltr'>veritatis</span> <span class='ocrx_word' id='word_1_4' title='bbox 568 621 680 707; x_wconf 85' lang='lat' dir='ltr'>specie</span> <span class='ocrx_word' id='word_1_5' title='bbox 711 622 910 707; x_wconf 76' lang='lat' dir='ltr'>prodierant,</span> <span class='ocrx_word' id='word_1_6' title='bbox 939 642 1031 708; x_wconf 87' lang='lat' dir='ltr'>quaa·</span> <span class='ocrx_word' id='word_1_7' title='bbox 1054 622 1088 687; x_wconf 92' lang='lat' dir='ltr'>in</span> <span class='ocrx_word' id='word_1_8' title='bbox 1116 621 1348 689; x_wconf 71' lang='lat' dir='ltr'>tsnotwura</span> 
     </span>
     <span class='ocr_line' id='line_1_3' title="bbox 232 726 1347 815; baseline 0 -20"><span class='ocrx_word' id='word_1_9' title='bbox 232 731 289 797; x_wconf 88' lang='lat' dir='ltr'>rei·</span> <span class='ocrx_word' id='word_1_10' title='bbox 302 733 499 795; x_wconf 89' lang='lat' dir='ltr'>inveteratae</span> <span class='ocrx_word' id='word_1_11' title='bbox 532 727 617 793; x_wconf 81' lang='lat' dir='ltr'>fama</span> <span class='ocrx_word' id='word_1_12' title='bbox 648 726 897 813; x_wconf 79' lang='lat' dir='ltr'>haudquaquam</span> <span class='ocrx_word' id='word_1_13' title='bbox 916 745 965 791; x_wconf 89' lang='lat' dir='ltr'>-eo</span> <span class='ocrx_word' id='word_1_14' title='bbox 997 727 1221 813; x_wconf 85' lang='lat' dir='ltr'>conlutatrtur,</span> <span class='ocrx_word' id='word_1_15' title='bbox 1235 768 1239 775; x_wconf 91' lang='lat'><em>·</em></span> <span class='ocrx_word' id='word_1_16' title='bbox 1255 728 1347 815; x_wconf 80' lang='lat' dir='ltr'>quod</span> 
     </span>
     <span class='ocr_line' id='line_1_4' title="bbox 231 830 1347 916; baseline 0 -17"><span class='ocrx_word' id='word_1_17' title='bbox 231 834 353 899; x_wconf 91' lang='lat' dir='ltr'>nullom</span> <span class='ocrx_word' id='word_1_18' title='bbox 376 834 568 916; x_wconf 81' lang='lat' dir='ltr'>scriptorum</span> <span class='ocrx_word' id='word_1_19' title='bbox 598 840 801 915; x_wconf 85' lang='lat' dir='ltr'>repertorum</span> <span class='ocrx_word' id='word_1_20' title='bbox 816 832 886 896; x_wconf 78' lang='lat' dir='ltr'>isti</span> <span class='ocrx_word' id='word_1_21' title='bbox 906 830 1039 896; x_wconf 87' lang='lat' dir='ltr'>notandi</span> <span class='ocrx_word' id='word_1_22' title='bbox 1059 834 1185 897; x_wconf 84' lang='lat' dir='ltr'>muneri</span> <span class='ocrx_word' id='word_1_23' title='bbox 1200 848 1347 899; x_wconf 73' lang='lat' dir='ltr'>uanam</span> 
     </span>
     <span class='ocr_line' id='line_1_5' title="bbox 231 933 1349 1022; baseline -0.003 -18"><span class='ocrx_word' id='word_1_24' title='bbox 231 938 386 1004; x_wconf 84' lang='lat' dir='ltr'>memoria</span> <span class='ocrx_word' id='word_1_25' title='bbox 409 936 653 1021; x_wconf 83' lang='lat' dir='ltr'>proditum-est.</span> <span class='ocrx_word' id='word_1_26' title='bbox 687 933 730 1000; x_wconf 91' lang='lat' dir='ltr'>Ut</span> <span class='ocrx_word' id='word_1_27' title='bbox 750 955 831 999; x_wconf 85' lang='lat' dir='ltr'>vero</span> <span class='ocrx_word' id='word_1_28' title='bbox 855 935 1002 1021; x_wconf 80' lang='lat' dir='ltr'>quaeda</span> <span class='ocrx_word' id='word_1_29' title='bbox 1023 934 1349 1022; x_wconf 77' lang='lat' dir='ltr'>liurdiAquilaaqno</span> 
     </span>
     <span class='ocr_line' id='line_1_6' title="bbox 231 1037 1348 1124; baseline -0.003 -16"><span class='ocrx_word' id='word_1_30' title='bbox 231 1043 318 1108; x_wconf 88' lang='lat' dir='ltr'>notis</span> <span class='ocrx_word' id='word_1_31' title='bbox 348 1039 513 1105; x_wconf 79' lang='lat' dir='ltr'>attulimus</span> <span class='ocrx_word' id='word_1_32' title='bbox 542 1040 590 1103; x_wconf 89' lang='lat' dir='ltr'>rei</span> <span class='ocrx_word' id='word_1_33' title='bbox 624 1037 721 1103; x_wconf 88' lang='lat' dir='ltr'>iidem</span> <span class='ocrx_word' id='word_1_34' title='bbox 752 1038 861 1103; x_wconf 82' lang='lat' dir='ltr'>lacero</span> <span class='ocrx_word' id='word_1_35' title='bbox 882 1039 1050 1124; x_wconf 84' lang='lat' dir='ltr'>videntur,</span> <span class='ocrx_word' id='word_1_36' title='bbox 1074 1040 1124 1105; x_wconf 81' lang='lat' dir='ltr'>ita</span> <span class='ocrx_word' id='word_1_37' title='bbox 1144 1048 1270 1107; x_wconf 83' lang='lat' dir='ltr'>eertum</span> <span class='ocrx_word' id='word_1_38' title='bbox 1291 1050 1348 1107; x_wconf 82' lang='lat' dir='ltr'>est</span> 
     </span>
     <span class='ocr_line' id='line_1_7' title="bbox 230 1141 1348 1231; baseline 0.002 -22"><span class='ocrx_word' id='word_1_39' title='bbox 230 1146 466 1209; x_wconf 88' lang='lat' dir='ltr'>nominatorum</span> <span class='ocrx_word' id='word_1_40' title='bbox 495 1143 778 1229; x_wconf 82' lang='lat' dir='ltr'>grammaticorum</span> <span class='ocrx_word' id='word_1_41' title='bbox 809 1141 932 1207; x_wconf 91' lang='lat' dir='ltr'>nullum</span> <span class='ocrx_word' id='word_1_42' title='bbox 959 1162 1056 1228; x_wconf 82' lang='lat' dir='ltr'>esse,</span> <span class='ocrx_word' id='word_1_43' title='bbox 1087 1163 1107 1209; x_wconf 89' lang='grc' dir='ltr'>ιι</span> <span class='ocrx_word' id='word_1_44' title='bbox 1137 1144 1348 1231; x_wconf 63' lang='lat' dir='ltr'>quo-gandia·</span> 
     </span>
     <span class='ocr_line' id='line_1_8' title="bbox 230 1246 1350 1331; baseline -0.001 -17"><span class='ocrx_word' id='word_1_45' title='bbox 230 1248 284 1315; x_wconf 92' lang='lat' dir='ltr'>illa</span> <span class='ocrx_word' id='word_1_46' title='bbox 317 1246 422 1312; x_wconf 89' lang='lat' dir='ltr'>aliena</span> <span class='ocrx_word' id='word_1_47' title='bbox 443 1247 545 1313; x_wconf 83' lang='lat' dir='ltr'>luisse</span> <span class='ocrx_word' id='word_1_48' title='bbox 575 1246 789 1312; x_wconf 85' lang='lat' dir='ltr'>demonstrari</span> <span class='ocrx_word' id='word_1_49' title='bbox 811 1246 933 1331; x_wconf 84' lang='lat' dir='ltr'>possit:</span> <span class='ocrx_word' id='word_1_50' title='bbox 963 1248 1061 1313; x_wconf 83' lang='lat' dir='ltr'>imn&#39;ro</span> <span class='ocrx_word' id='word_1_51' title='bbox 1082 1249 1350 1315; x_wconf 69' lang='lat' dir='ltr'>tornacense</span> 
     </span>
     <span class='ocr_line' id='line_1_9' title="bbox 230 1349 1346 1438; baseline -0.001 -20"><span class='ocrx_word' id='word_1_52' title='bbox 230 1363 324 1418; x_wconf 89' lang='lat' dir='ltr'>natos</span> <span class='ocrx_word' id='word_1_53' title='bbox 356 1360 390 1415; x_wconf 93' lang='lat' dir='ltr'>et</span> <span class='ocrx_word' id='word_1_54' title='bbox 422 1352 663 1438; x_wconf 82' lang='lat' dir='ltr'>grammaticam</span> <span class='ocrx_word' id='word_1_55' title='bbox 692 1349 862 1434; x_wconf 82' lang='lat' dir='ltr'>professos</span> <span class='ocrx_word' id='word_1_56' title='bbox 885 1359 925 1414; x_wconf 75' lang='lat' dir='ltr'>‘ct</span> <span class='ocrx_word' id='word_1_57' title='bbox 945 1351 1201 1435; x_wconf 81' lang='lat' dir='ltr'>inexplicandia</span> <span class='ocrx_word' id='word_1_58' title='bbox 1230 1370 1346 1417; x_wconf 57' lang='lat' dir='ltr'>recen*</span> 
     </span>
     <span class='ocr_line' id='line_1_10' title="bbox 230 1450 1349 1541; baseline -0.002 -20"><span class='ocrx_word' id='word_1_59' title='bbox 230 1456 405 1541; x_wconf 90' lang='lat' dir='ltr'>sendisque</span> <span class='ocrx_word' id='word_1_60' title='bbox 439 1455 641 1540; x_wconf 91' lang='lat' dir='ltr'>antiquorum</span> <span class='ocrx_word' id='word_1_61' title='bbox 680 1455 810 1539; x_wconf 87' lang='lat' dir='ltr'>scriptis</span> <span class='ocrx_word' id='word_1_62' title='bbox 848 1464 1026 1539; x_wconf 87' lang='lat' dir='ltr'>occupatos</span> <span class='ocrx_word' id='word_1_63' title='bbox 1057 1454 1174 1521; x_wconf 73' lang='lat' dir='ltr'>fuisse..</span> <span class='ocrx_word' id='word_1_64' title='bbox 1211 1450 1349 1541; x_wconf 70' lang='lat' dir='ltr'>&#39;Neque</span> 
     </span>
     <span class='ocr_line' id='line_1_11' title="bbox 231 1557 1340 1646; baseline -0.001 -22"><span class='ocrx_word' id='word_1_65' title='bbox 231 1559 319 1646; x_wconf 92' lang='lat' dir='ltr'>qnod</span> <span class='ocrx_word' id='word_1_66' title='bbox 352 1557 504 1625; x_wconf 82' lang='lat' dir='ltr'>Hertnius</span> <span class='ocrx_word' id='word_1_67' title='bbox 536 1559 557 1622; x_wconf 89' lang='lat' dir='ltr'>l.</span> <span class='ocrx_word' id='word_1_68' title='bbox 589 1559 610 1623; x_wconf 92' lang='lat' dir='ltr'>l.</span> <span class='ocrx_word' id='word_1_69' title='bbox 641 1579 674 1644; x_wconf 88' lang='lat' dir='ltr'>p.</span> <span class='ocrx_word' id='word_1_70' title='bbox 706 1559 781 1641; x_wconf 71' lang='lat'>394,</span> <span class='ocrx_word' id='word_1_71' title='bbox 815 1560 870 1644; x_wconf 90' lang='lat' dir='ltr'>qui</span> <span class='ocrx_word' id='word_1_72' title='bbox 900 1578 961 1644; x_wconf 84' lang='lat' dir='ltr'>pro</span> <span class='ocrx_word' id='word_1_73' title='bbox 984 1557 1189 1644; x_wconf 69' lang='lat' dir='ltr'>vargunteio·</span> <span class='ocrx_word' id='word_1_74' title='bbox 1205 1567 1340 1645; x_wconf 74' lang='lat' dir='ltr'>pugnat,</span> 
     </span>
     <span class='ocr_line' id='line_1_12' title="bbox 232 1661 1341 1749; baseline -0.002 -20"><span class='ocrx_word' id='word_1_75' title='bbox 232 1662 348 1746; x_wconf 85' lang='lat' dir='ltr'>attulit,</span> <span class='ocrx_word' id='word_1_76' title='bbox 382 1663 426 1728; x_wconf 89' lang='lat' dir='ltr'>ob</span> <span class='ocrx_word' id='word_1_77' title='bbox 448 1663 626 1728; x_wconf 76' lang='lat' dir='ltr'>claritatem</span> <span class='ocrx_word' id='word_1_78' title='bbox 648 1663 786 1727; x_wconf 88' lang='lat' dir='ltr'>nominis</span> <span class='ocrx_word' id='word_1_79' title='bbox 808 1662 962 1727; x_wconf 89' lang='lat' dir='ltr'>credibile</span> <span class='ocrx_word' id='word_1_80' title='bbox 983 1682 1049 1729; x_wconf 92' lang='lat' dir='ltr'>non</span> <span class='ocrx_word' id='word_1_81' title='bbox 1069 1684 1164 1749; x_wconf 84' lang='lat' dir='ltr'>esse,</span> <span class='ocrx_word' id='word_1_82' title='bbox 1196 1663 1240 1729; x_wconf 78' lang='lat' dir='ltr'>ds</span> <span class='ocrx_word' id='word_1_83' title='bbox 1262 1661 1341 1727; x_wconf 79' lang='lat' dir='ltr'>Var-</span> 
     </span>
     <span class='ocr_line' id='line_1_13' title="bbox 228 1766 1340 1854; baseline 0 -23"><span class='ocrx_word' id='word_1_84' title='bbox 228 1786 321 1849; x_wconf 84' lang='lat' dir='ltr'>rone,</span> <span class='ocrx_word' id='word_1_85' title='bbox 343 1767 445 1854; x_wconf 78' lang='lat' dir='ltr'>signis</span> <span class='ocrx_word' id='word_1_86' title='bbox 467 1766 588 1831; x_wconf 88' lang='lat' dir='ltr'>criticis</span> <span class='ocrx_word' id='word_1_87' title='bbox 611 1767 640 1831; x_wconf 89' lang='lat' dir='ltr'>si</span> <span class='ocrx_word' id='word_1_88' title='bbox 662 1786 776 1831; x_wconf 88' lang='lat' dir='ltr'>revera</span> <span class='ocrx_word' id='word_1_89' title='bbox 797 1787 878 1831; x_wconf 89' lang='lat' dir='ltr'>usus</span> <span class='ocrx_word' id='word_1_90' title='bbox 899 1766 1032 1852; x_wconf 80' lang='lat' dir='ltr'>fuisset,</span> <span class='ocrx_word' id='word_1_91' title='bbox 1061 1768 1216 1833; x_wconf 75' lang='lat' dir='ltr'>memoria</span> <span class='ocrx_word' id='word_1_92' title='bbox 1235 1784 1289 1833; x_wconf 82' lang='lat' dir='ltr'>aa</span> <span class='ocrx_word' id='word_1_93' title='bbox 1297 1766 1340 1831; x_wconf 83' lang='lat' dir='ltr'>ds</span> 
     </span>
     <span class='ocr_line' id='line_1_14' title="bbox 229 1869 1339 1989; baseline 0 -54"><span class='ocrx_word' id='word_1_94' title='bbox 229 1891 266 1935; x_wconf 85' lang='lat' dir='ltr'>re</span> <span class='ocrx_word' id='word_1_95' title='bbox 288 1869 365 1935; x_wconf 91' lang='lat' dir='ltr'>nihil</span> <span class='ocrx_word' id='word_1_96' title='bbox 394 1870 557 1956; x_wconf 90' lang='lat' dir='ltr'>proditum</span> <span class='ocrx_word' id='word_1_97' title='bbox 584 1889 669 1953; x_wconf 84' lang='lat' dir='ltr'>esse,</span> <span class='ocrx_word' id='word_1_98' title='bbox 692 1872 771 1936; x_wconf 90' lang='lat' dir='ltr'>tanti</span> <span class='ocrx_word' id='word_1_99' title='bbox 792 1871 931 1955; x_wconf 85' lang='lat' dir='ltr'>videtur,</span> <span class='ocrx_word' id='word_1_100' title='bbox 964 1881 1000 1935; x_wconf 92' lang='lat' dir='ltr'>ut</span> <span class='ocrx_word' id='word_1_101' title='bbox 1027 1891 1068 1936; x_wconf 90' lang='lat' dir='ltr'>eo</span> <span class='ocrx_word' id='word_1_102' title='bbox 1092 1869 1285 1989; x_wconf 64' lang='lat' dir='ltr'>reprobetur</span> <span class='ocrx_word' id='word_1_103' title='bbox 1304 1870 1339 1935; x_wconf 92' lang='lat' dir='ltr'>id</span> 
     </span>
     <span class='ocr_line' id='line_1_15' title="bbox 228 1960 1339 2075; baseline -0.002 -34"><span class='ocrx_word' id='word_1_104' title='bbox 228 1974 317 2060; x_wconf 91' lang='lat' dir='ltr'>quod</span> <span class='ocrx_word' id='word_1_105' title='bbox 339 1976 510 2061; x_wconf 84' lang='lat' dir='ltr'>quominus</span> <span class='ocrx_word' id='word_1_106' title='bbox 532 1973 653 2040; x_wconf 83' lang='lat' dir='ltr'>sactum</span> <span class='ocrx_word' id='word_1_107' title='bbox 673 1984 815 2059; x_wconf 86' lang='lat' dir='ltr'>putetur,</span> <span class='ocrx_word' id='word_1_108' title='bbox 837 1994 897 2061; x_wconf 90' lang='lat' dir='ltr'>per</span> <span class='ocrx_word' id='word_1_109' title='bbox 919 1994 957 2039; x_wconf 90' lang='lat' dir='ltr'>se</span> <span class='ocrx_word' id='word_1_110' title='bbox 977 1966 1055 2057; x_wconf 82' lang='lat' dir='ltr'>nilril</span> <span class='ocrx_word' id='word_1_111' title='bbox 1076 1960 1244 2075; x_wconf 75' lang='lat' dir='ltr'>impedit¹</span> <span class='ocrx_word' id='word_1_112' title='bbox 1250 1973 1339 2039; x_wconf 89' lang='lat' dir='ltr'>Nilril</span> 
     </span>
    </p>
   </div>
   <div class='ocr_carea' id='block_1_3' title="bbox 227 2076 1449 2165">
    <p class='ocr_par' dir='ltr' id='par_1_3' title="bbox 227 2076 1449 2165">
     <span class='ocr_line' id='line_1_16' title="bbox 227 2076 1449 2165; baseline 0.001 -21"><span class='ocrx_word' id='word_1_113' title='bbox 227 2098 307 2145; x_wconf 87' lang='lat' dir='ltr'>vero</span> <span class='ocrx_word' id='word_1_114' title='bbox 335 2078 474 2163; x_wconf 82' lang='lat' dir='ltr'>amplius</span> <span class='ocrx_word' id='word_1_115' title='bbox 503 2078 545 2143; x_wconf 93' lang='lat' dir='ltr'>ad</span> <span class='ocrx_word' id='word_1_116' title='bbox 577 2080 660 2145; x_wconf 89' lang='lat' dir='ltr'>hanc</span> <span class='ocrx_word' id='word_1_117' title='bbox 693 2099 842 2144; x_wconf 89' lang='lat' dir='ltr'>caussam</span> <span class='ocrx_word' id='word_1_118' title='bbox 875 2076 1138 2162; x_wconf 81' lang='lat' dir='ltr'>explicandam</span> <span class='ocrx_word' id='word_1_119' title='bbox 1126 2100 1162 2149; x_wconf 88' lang='grc' dir='ltr'>ιιι</span> <span class='ocrx_word' id='word_1_120' title='bbox 1186 2089 1339 2165; x_wconf 79' lang='lat' dir='ltr'>promptu</span> <span class='ocrx_word' id='word_1_121' title='bbox 1446 2088 1449 2093; x_wconf 85' lang='lat'>&#39;</span> 
     </span>
    </p>
   </div>
   <div class='ocr_carea' id='block_1_4' title="bbox 228 2181 1339 2476">
    <p class='ocr_par' dir='ltr' id='par_1_4' title="bbox 228 2181 1339 2476">
     <span class='ocr_line' id='line_1_17' title="bbox 228 2181 1339 2270; baseline 0.003 -24"><span class='ocrx_word' id='word_1_122' title='bbox 228 2193 290 2266; x_wconf 89' lang='lat' dir='ltr'>est,</span> <span class='ocrx_word' id='word_1_123' title='bbox 313 2204 418 2268; x_wconf 88' lang='lat' dir='ltr'>neque</span> <span class='ocrx_word' id='word_1_124' title='bbox 448 2184 500 2248; x_wconf 91' lang='lat' dir='ltr'>cui</span> <span class='ocrx_word' id='word_1_125' title='bbox 526 2184 680 2267; x_wconf 84' lang='lat' dir='ltr'>scriptori</span> <span class='ocrx_word' id='word_1_126' title='bbox 709 2181 851 2248; x_wconf 91' lang='lat' dir='ltr'>notando</span> <span class='ocrx_word' id='word_1_127' title='bbox 883 2183 937 2247; x_wconf 90' lang='lat' dir='ltr'>hic</span> <span class='ocrx_word' id='word_1_128' title='bbox 958 2181 1011 2247; x_wconf 88' lang='lat' dir='ltr'>vel</span> <span class='ocrx_word' id='word_1_129' title='bbox 1032 2183 1087 2249; x_wconf 90' lang='lat' dir='ltr'>illo</span> <span class='ocrx_word' id='word_1_130' title='bbox 1108 2184 1339 2270; x_wconf 62' lang='lat' dir='ltr'>manneus</span> 
     </span>
     <span class='ocr_line' id='line_1_18' title="bbox 228 2284 1337 2374; baseline 0.003 -24"><span class='ocrx_word' id='word_1_131' title='bbox 228 2289 360 2371; x_wconf 83' lang='lat' dir='ltr'>vacarit,</span> <span class='ocrx_word' id='word_1_132' title='bbox 374 2287 441 2352; x_wconf 90' lang='lat' dir='ltr'>ullo</span> <span class='ocrx_word' id='word_1_133' title='bbox 459 2287 557 2351; x_wconf 90' lang='lat' dir='ltr'>modo</span> <span class='ocrx_word' id='word_1_134' title='bbox 574 2285 702 2352; x_wconf 89' lang='lat' dir='ltr'>ostendi</span> <span class='ocrx_word' id='word_1_135' title='bbox 720 2295 837 2371; x_wconf 83' lang='lat' dir='ltr'>potest</span> <span class='ocrx_word' id='word_1_136' title='bbox 867 2284 1007 2351; x_wconf 80' lang='lat' dir='ltr'>Felicior</span> <span class='ocrx_word' id='word_1_137' title='bbox 1019 2286 1152 2371; x_wconf 85' lang='lat' dir='ltr'>quidem</span> <span class='ocrx_word' id='word_1_138' title='bbox 1161 2286 1337 2374; x_wconf 76' lang='lat' dir='ltr'>Borgkius,</span> 
     </span>
     <span class='ocr_line' id='line_1_19' title="bbox 229 2388 1338 2476; baseline 0.002 -21"><span class='ocrx_word' id='word_1_139' title='bbox 229 2410 326 2476; x_wconf 87' lang='lat' dir='ltr'>quum</span> <span class='ocrx_word' id='word_1_140' title='bbox 348 2392 381 2454; x_wconf 93' lang='lat' dir='ltr'>in</span> <span class='ocrx_word' id='word_1_141' title='bbox 404 2391 655 2457; x_wconf 77' lang='lat' dir='ltr'>corroborandis</span> <span class='ocrx_word' id='word_1_142' title='bbox 683 2388 875 2475; x_wconf 82' lang='lat' dir='ltr'>Vargunteii</span> <span class='ocrx_word' id='word_1_143' title='bbox 907 2399 940 2454; x_wconf 86' lang='lat' dir='ltr'>at</span> <span class='ocrx_word' id='word_1_144' title='bbox 971 2388 1132 2461; x_wconf 81' lang='lat' dir='ltr'>Archelai</span> <span class='ocrx_word' id='word_1_145' title='bbox 1154 2390 1338 2457; x_wconf 86' lang='lat' dir='ltr'>nominibus</span> 
     </span>
    </p>
   </div>
   <div class='ocr_carea' id='block_1_5' title="bbox 226 2493 1336 2682">
    <p class='ocr_par' dir='ltr' id='par_1_5' title="bbox 226 2493 1336 2682">
     <span class='ocr_line' id='line_1_20' title="bbox 226 2493 1336 2587; baseline -0.001 -28"><span class='ocrx_word' id='word_1_146' title='bbox 226 2495 417 2567; x_wconf 84' lang='lat' dir='ltr'>testimoniis</span> <span class='ocrx_word' id='word_1_147' title='bbox 447 2496 545 2561; x_wconf 88' lang='lat' dir='ltr'>certis</span> <span class='ocrx_word' id='word_1_148' title='bbox 577 2495 624 2559; x_wconf 82' lang='lat' dir='ltr'>inti</span> <span class='ocrx_word' id='word_1_149' title='bbox 645 2493 708 2559; x_wconf 88' lang='lat' dir='ltr'>sibi</span> <span class='ocrx_word' id='word_1_150' title='bbox 729 2493 821 2558; x_wconf 86' lang='lat' dir='ltr'>visus</span> <span class='ocrx_word' id='word_1_151' title='bbox 853 2493 906 2579; x_wconf 82' lang='lat' dir='ltr'>sit,</span> <span class='ocrx_word' id='word_1_152' title='bbox 940 2493 1056 2579; x_wconf 86' lang='lat' dir='ltr'>quibus</span> <span class='ocrx_word' id='word_1_153' title='bbox 1087 2494 1336 2587; x_wconf 85' lang='lat' dir='ltr'>demonstraret,</span> 
     </span>
     <span class='ocr_line' id='line_1_21' title="bbox 226 2595 1336 2682; baseline 0 -19"><span class='ocrx_word' id='word_1_154' title='bbox 226 2595 404 2663; x_wconf 83' lang='lat' dir='ltr'>Satirarum</span> <span class='ocrx_word' id='word_1_155' title='bbox 417 2597 531 2663; x_wconf 84' lang='lat' dir='ltr'>Lucilii</span> <span class='ocrx_word' id='word_1_156' title='bbox 551 2599 728 2682; x_wconf 83' lang='lat' dir='ltr'>principem</span> <span class='ocrx_word' id='word_1_157' title='bbox 744 2596 900 2663; x_wconf 82' lang='lat' dir='ltr'>editorem</span> <span class='ocrx_word' id='word_1_158' title='bbox 922 2596 1026 2665; x_wconf 84' lang='lat' dir='ltr'>fuisse</span> <span class='ocrx_word' id='word_1_159' title='bbox 1040 2598 1138 2681; x_wconf 85' lang='lat' dir='ltr'>hunc,</span> <span class='ocrx_word' id='word_1_160' title='bbox 1162 2596 1336 2665; x_wconf 80' lang='lat' dir='ltr'>Annalium</span> 
     </span>
    </p>
   </div>
   <div class='ocr_carea' id='block_1_6' title="bbox 217 2698 1353 4355">
    <p class='ocr_par' dir='ltr' id='par_1_6' title="bbox 226 2698 1335 2788">
     <span class='ocr_line' id='line_1_22' title="bbox 226 2698 1335 2788; baseline 0.002 -23"><span class='ocrx_word' id='word_1_161' title='bbox 226 2698 322 2765; x_wconf 87' lang='lat' dir='ltr'>Ennii</span> <span class='ocrx_word' id='word_1_162' title='bbox 339 2700 438 2767; x_wconf 90' lang='lat' dir='ltr'>illum.</span> <span class='ocrx_word' id='word_1_163' title='bbox 470 2699 537 2767; x_wconf 87' lang='lat' dir='ltr'>Sed</span> <span class='ocrx_word' id='word_1_164' title='bbox 553 2721 651 2767; x_wconf 88' lang='lat' dir='ltr'>secus</span> <span class='ocrx_word' id='word_1_165' title='bbox 668 2701 777 2768; x_wconf 85' lang='lat' dir='ltr'>habet</span> <span class='ocrx_word' id='word_1_166' title='bbox 810 2699 876 2766; x_wconf 94' lang='lat' dir='ltr'>lsto</span> <span class='ocrx_word' id='word_1_167' title='bbox 888 2700 973 2765; x_wconf 85' lang='lat' dir='ltr'>eninr</span> <span class='ocrx_word' id='word_1_168' title='bbox 981 2698 1131 2769; x_wconf 86' lang='lat' dir='ltr'>Suetonii</span> <span class='ocrx_word' id='word_1_169' title='bbox 1148 2700 1190 2767; x_wconf 88' lang='lat' dir='ltr'>do</span> <span class='ocrx_word' id='word_1_170' title='bbox 1199 2722 1335 2788; x_wconf 74' lang='lat' dir='ltr'>gramm</span> 
     </span>
    </p>

    <p class='ocr_par' dir='ltr' id='par_1_7' title="bbox 225 2802 1335 2997">
     <span class='ocr_line' id='line_1_23' title="bbox 225 2802 1335 2926; baseline 0.004 -59"><span class='ocrx_word' id='word_1_171' title='bbox 225 2803 271 2871; x_wconf 85' lang='lat' dir='ltr'>itt.</span> <span class='ocrx_word' id='word_1_172' title='bbox 293 2806 315 2867; x_wconf 86' lang='lat'><strong>2</strong></span> <span class='ocrx_word' id='word_1_173' title='bbox 337 2804 422 2891; x_wconf 85' lang='lat' dir='ltr'>loco,</span> <span class='ocrx_word' id='word_1_174' title='bbox 446 2826 511 2891; x_wconf 91' lang='lat' dir='ltr'>quc</span> <span class='ocrx_word' id='word_1_175' title='bbox 532 2806 628 2871; x_wconf 85' lang='lat' dir='ltr'>unice</span> <span class='ocrx_word' id='word_1_176' title='bbox 649 2807 760 2870; x_wconf 89' lang='lat' dir='ltr'>nititur</span> <span class='ocrx_word' id='word_1_177' title='bbox 780 2802 955 2895; x_wconf 78' lang='lat' dir='ltr'>Bergkius,</span> <span class='ocrx_word' id='word_1_178' title='bbox 984 2825 1027 2869; x_wconf 89' lang='lat' dir='ltr'>nc</span> <span class='ocrx_word' id='word_1_179' title='bbox 1048 2805 1183 2871; x_wconf 85' lang='lat' dir='ltr'>verbum</span> <span class='ocrx_word' id='word_1_180' title='bbox 1204 2804 1335 2926; x_wconf 81' lang='lat' dir='ltr'>quidem</span> 
     </span>
     <span class='ocr_line' id='line_1_24' title="bbox 227 2894 1335 2997; baseline 0 -22"><span class='ocrx_word' id='word_1_181' title='bbox 227 2911 268 2975; x_wconf 89' lang='lat' dir='ltr'>de</span> <span class='ocrx_word' id='word_1_182' title='bbox 290 2909 479 2995; x_wconf 78' lang='lat' dir='ltr'>exemplis</span> <span class='ocrx_word' id='word_1_183' title='bbox 469 2930 501 2974; x_wconf 93' lang='lat' dir='ltr'>m</span> <span class='ocrx_word' id='word_1_184' title='bbox 522 2910 642 2997; x_wconf 83' lang='lat' dir='ltr'>vulgus</span> <span class='ocrx_word' id='word_1_185' title='bbox 665 2909 770 2976; x_wconf 86' lang='lat' dir='ltr'>editis</span> <span class='ocrx_word' id='word_1_186' title='bbox 814 2911 917 2972; x_wconf 92' lang='lat' dir='ltr'>lmmo</span> <span class='ocrx_word' id='word_1_187' title='bbox 945 2919 1097 2973; x_wconf 88' lang='lat' dir='ltr'>accurate</span> <span class='ocrx_word' id='word_1_188' title='bbox 1118 2894 1192 2977; x_wconf 84' lang='lat' dir='ltr'>loco</span> <span class='ocrx_word' id='word_1_189' title='bbox 1213 2908 1335 2977; x_wconf 84' lang='lat' dir='ltr'>exami-</span> 
     </span>
    </p>

    <p class='ocr_par' dir='ltr' id='par_1_8' title="bbox 217 3006 1353 4347">
     <span class='ocr_line' id='line_1_25' title="bbox 224 3006 1333 3101; baseline 0.002 -23"><span class='ocrx_word' id='word_1_190' title='bbox 224 3006 300 3081; x_wconf 86' lang='lat' dir='ltr'>nato</span> <span class='ocrx_word' id='word_1_191' title='bbox 323 3012 401 3097; x_wconf 86' lang='lat' dir='ltr'>nihil</span> <span class='ocrx_word' id='word_1_192' title='bbox 432 3012 519 3079; x_wconf 91' lang='lat' dir='ltr'>alind</span> <span class='ocrx_word' id='word_1_193' title='bbox 541 3012 582 3079; x_wconf 93' lang='lat' dir='ltr'>de</span> <span class='ocrx_word' id='word_1_194' title='bbox 611 3011 726 3078; x_wconf 90' lang='lat' dir='ltr'>studiis</span> <span class='ocrx_word' id='word_1_195' title='bbox 752 3013 888 3099; x_wconf 89' lang='lat' dir='ltr'>istorum</span> <span class='ocrx_word' id='word_1_196' title='bbox 917 3010 1081 3076; x_wconf 87' lang='lat' dir='ltr'>hominum</span> <span class='ocrx_word' id='word_1_197' title='bbox 1114 3014 1333 3101; x_wconf 73' lang='lat' dir='ltr'>grammaticis</span> 
     </span>
     <span class='ocr_line' id='line_1_26' title="bbox 225 3114 1333 3203; baseline 0.001 -21"><span class='ocrx_word' id='word_1_198' title='bbox 225 3127 363 3201; x_wconf 87' lang='lat' dir='ltr'>constat,</span> <span class='ocrx_word' id='word_1_199' title='bbox 388 3137 482 3202; x_wconf 90' lang='lat' dir='ltr'>quam</span> <span class='ocrx_word' id='word_1_200' title='bbox 497 3117 637 3201; x_wconf 87' lang='lat' dir='ltr'>scholas,</span> <span class='ocrx_word' id='word_1_201' title='bbox 658 3138 687 3181; x_wconf 90' lang='lat' dir='ltr'>sr</span> <span class='ocrx_word' id='word_1_202' title='bbox 678 3116 769 3181; x_wconf 90' lang='lat' dir='ltr'>hoc</span> <span class='ocrx_word' id='word_1_203' title='bbox 789 3117 917 3181; x_wconf 92' lang='lat' dir='ltr'>nomine</span> <span class='ocrx_word' id='word_1_204' title='bbox 936 3114 1100 3201; x_wconf 83' lang='lat' dir='ltr'>appellare</span> <span class='ocrx_word' id='word_1_205' title='bbox 1119 3119 1170 3203; x_wconf 79' lang='lat' dir='ltr'>lan</span> <span class='ocrx_word' id='word_1_206' title='bbox 1191 3129 1253 3203; x_wconf 72' lang='lat' dir='ltr'>est,</span> <span class='ocrx_word' id='word_1_207' title='bbox 1274 3137 1333 3183; x_wconf 87' lang='lat' dir='ltr'>eos</span> 
     </span>
     <span class='ocr_line' id='line_1_27' title="bbox 225 3220 1334 3309; baseline 0.001 -24"><span class='ocrx_word' id='word_1_208' title='bbox 225 3221 413 3303; x_wconf 86' lang='lat' dir='ltr'>instituisse,</span> <span class='ocrx_word' id='word_1_209' title='bbox 432 3220 549 3306; x_wconf 90' lang='lat' dir='ltr'>quibus</span> <span class='ocrx_word' id='word_1_210' title='bbox 561 3231 729 3304; x_wconf 86' lang='lat' dir='ltr'>poetarum</span> <span class='ocrx_word' id='word_1_211' title='bbox 741 3220 947 3304; x_wconf 85' lang='lat' dir='ltr'>antiquorum</span> <span class='ocrx_word' id='word_1_212' title='bbox 963 3222 1083 3304; x_wconf 84' lang='lat' dir='ltr'>scripta</span> <span class='ocrx_word' id='word_1_213' title='bbox 1102 3221 1247 3309; x_wconf 71' lang='lat' dir='ltr'>legerent</span> <span class='ocrx_word' id='word_1_214' title='bbox 1263 3223 1334 3287; x_wconf 87' lang='lat' dir='ltr'>sive</span> 
     </span>
     <span class='ocr_line' id='line_1_28' title="bbox 224 3322 1334 3410; baseline 0.002 -21"><span class='ocrx_word' id='word_1_215' title='bbox 224 3326 398 3390; x_wconf 83' lang='lat' dir='ltr'>recitarent</span> <span class='ocrx_word' id='word_1_216' title='bbox 414 3325 561 3409; x_wconf 87' lang='lat' dir='ltr'>interque</span> <span class='ocrx_word' id='word_1_217' title='bbox 580 3322 752 3410; x_wconf 76' lang='lat' dir='ltr'>legendum</span> <span class='ocrx_word' id='word_1_218' title='bbox 769 3334 1071 3389; x_wconf 86' lang='lat' dir='ltr'>commentarontur.</span> <span class='ocrx_word' id='word_1_219' title='bbox 1105 3324 1184 3397; x_wconf 84' lang='lat' dir='ltr'>Hoc-</span> <span class='ocrx_word' id='word_1_220' title='bbox 1194 3345 1275 3393; x_wconf 83' lang='lat' dir='ltr'>vero</span> <span class='ocrx_word' id='word_1_221' title='bbox 1291 3346 1334 3391; x_wconf 91' lang='lat' dir='ltr'>ne</span> 
     </span>
     <span class='ocr_line' id='line_1_29' title="bbox 224 3422 1334 3514; baseline -0.001 -20"><span class='ocrx_word' id='word_1_222' title='bbox 224 3428 373 3513; x_wconf 86' lang='lat' dir='ltr'>cupidius</span> <span class='ocrx_word' id='word_1_223' title='bbox 400 3428 433 3491; x_wconf 93' lang='lat' dir='ltr'>in</span> <span class='ocrx_word' id='word_1_224' title='bbox 464 3427 568 3493; x_wconf 88' lang='lat' dir='ltr'>virum</span> <span class='ocrx_word' id='word_1_225' title='bbox 593 3427 760 3514; x_wconf 81' lang='lat' dir='ltr'>egregium</span> <span class='ocrx_word' id='word_1_226' title='bbox 790 3424 972 3493; x_wconf 81' lang='lat' dir='ltr'>coniectum</span> <span class='ocrx_word' id='word_1_227' title='bbox 1003 3428 1179 3513; x_wconf 79' lang='lat' dir='ltr'>videatm‚3</span> <span class='ocrx_word' id='word_1_228' title='bbox 1196 3422 1334 3495; x_wconf 78' lang='lat' dir='ltr'>necesso</span> 
     </span>
     <span class='ocr_line' id='line_1_30' title="bbox 224 3528 1333 3616; baseline 0.001 -18"><span class='ocrx_word' id='word_1_229' title='bbox 224 3542 276 3598; x_wconf 88' lang='lat' dir='ltr'>est</span> <span class='ocrx_word' id='word_1_230' title='bbox 303 3552 460 3598; x_wconf 85' lang='lat' dir='ltr'>summam</span> <span class='ocrx_word' id='word_1_231' title='bbox 486 3530 550 3596; x_wconf 92' lang='lat' dir='ltr'>loci</span> <span class='ocrx_word' id='word_1_232' title='bbox 578 3528 762 3616; x_wconf 79' lang='lat' dir='ltr'>singulatim</span> <span class='ocrx_word' id='word_1_233' title='bbox 792 3550 952 3597; x_wconf 88' lang='lat' dir='ltr'>enarrare.</span> <span class='ocrx_word' id='word_1_234' title='bbox 994 3530 1127 3605; x_wconf 80' lang='lat' dir='ltr'>Scrlioet</span> <span class='ocrx_word' id='word_1_235' title='bbox 1157 3530 1333 3599; x_wconf 80' lang='lat' dir='ltr'>Suetonius</span> 
     </span>
     <span class='ocr_line' id='line_1_31' title="bbox 223 3633 1332 3723; baseline -0.001 -21"><span class='ocrx_word' id='word_1_236' title='bbox 223 3648 396 3723; x_wconf 85' lang='lat' dir='ltr'>postquam</span> <span class='ocrx_word' id='word_1_237' title='bbox 414 3635 575 3702; x_wconf 86' lang='lat' dir='ltr'>Cratetem</span> <span class='ocrx_word' id='word_1_238' title='bbox 589 3633 712 3700; x_wconf 90' lang='lat' dir='ltr'>Romae</span> <span class='ocrx_word' id='word_1_239' title='bbox 728 3645 981 3713; x_wconf 79' lang='lat' dir='ltr'>commorantem</span> <span class='ocrx_word' id='word_1_240' title='bbox 997 3636 1154 3721; x_wconf 89' lang='lat' dir='ltr'>plurimas</span> <span class='ocrx_word' id='word_1_241' title='bbox 1167 3656 1332 3720; x_wconf 78' lang='lat' dir='ltr'>seruasse,</span> 
     </span>
     <span class='ocr_line' id='line_1_32' title="bbox 223 3738 1333 3827; baseline -0.001 -22"><span class='ocrx_word' id='word_1_242' title='bbox 223 3739 371 3826; x_wconf 88' lang='lat' dir='ltr'>publicas</span> <span class='ocrx_word' id='word_1_243' title='bbox 386 3749 473 3827; x_wconf 85' lang='lat' dir='ltr'>puta,</span> <span class='ocrx_word' id='word_1_244' title='bbox 487 3738 635 3805; x_wconf 87' lang='lat' dir='ltr'>habendo</span> <span class='ocrx_word' id='word_1_245' title='bbox 649 3738 845 3824; x_wconf 83' lang='lat' dir='ltr'>assidueque</span> <span class='ocrx_word' id='word_1_246' title='bbox 856 3739 1047 3806; x_wconf 88' lang='lat' dir='ltr'>disserendo</span> <span class='ocrx_word' id='word_1_247' title='bbox 1058 3741 1213 3813; x_wconf 84' lang='lat' dir='ltr'>Romanis</span> <span class='ocrx_word' id='word_1_248' title='bbox 1224 3760 1333 3807; x_wconf 85' lang='lat' dir='ltr'>exem·</span> 
     </span>
     <span class='ocr_line' id='line_1_33' title="bbox 223 3842 1333 3929; baseline 0.001 -22"><span class='ocrx_word' id='word_1_249' title='bbox 223 3844 279 3929; x_wconf 88' lang='lat' dir='ltr'>plo</span> <span class='ocrx_word' id='word_1_250' title='bbox 297 3845 340 3909; x_wconf 90' lang='lat' dir='ltr'>ad</span> <span class='ocrx_word' id='word_1_251' title='bbox 354 3843 540 3911; x_wconf 90' lang='lat' dir='ltr'>imitandum</span> <span class='ocrx_word' id='word_1_252' title='bbox 556 3842 659 3909; x_wconf 81' lang='lat' dir='ltr'>fuisse</span> <span class='ocrx_word' id='word_1_253' title='bbox 675 3844 827 3921; x_wconf 88' lang='lat' dir='ltr'>narravit,</span> <span class='ocrx_word' id='word_1_254' title='bbox 843 3842 998 3910; x_wconf 69' lang='lat' dir='ltr'>tactam</span> <span class='ocrx_word' id='word_1_255' title='bbox 1014 3847 1145 3913; x_wconf 79' lang='lat' dir='ltr'>niteam</span> <span class='ocrx_word' id='word_1_256' title='bbox 1160 3844 1333 3911; x_wconf 73' lang='lat' dir='ltr'>Romaanus</span> 
     </span>
     <span class='ocr_line' id='line_1_34' title="bbox 222 3945 1333 4038; baseline -0.001 -24"><span class='ocrx_word' id='word_1_257' title='bbox 222 3950 374 4033; x_wconf 71' lang='lat' dir='ltr'>tructos,</span> <span class='ocrx_word' id='word_1_258' title='bbox 403 3958 441 4016; x_wconf 80' lang='lat' dir='ltr'>ut</span> <span class='ocrx_word' id='word_1_259' title='bbox 468 3948 619 4013; x_wconf 82' lang='lat' dir='ltr'>carmina</span> <span class='ocrx_word' id='word_1_260' title='bbox 635 3966 755 4033; x_wconf 75' lang='lat' dir='ltr'>panna</span> <span class='ocrx_word' id='word_1_261' title='bbox 777 3945 884 4012; x_wconf 81' lang='lat' dir='ltr'>adduc</span> <span class='ocrx_word' id='word_1_262' title='bbox 909 3946 1078 4038; x_wconf 68' lang='lat' dir='ltr'>diuulqata</span> <span class='ocrx_word' id='word_1_263' title='bbox 1097 3948 1153 4015; x_wconf 81' lang='lat' dir='ltr'>cel</span> <span class='ocrx_word' id='word_1_264' title='bbox 1168 3946 1333 4033; x_wconf 64' lang='lat' dir='ltr'>desumto·</span> 
     </span>
     <span class='ocr_line' id='line_1_35' title="bbox 222 4050 1353 4151; baseline -0.001 -31"><span class='ocrx_word' id='word_1_265' title='bbox 222 4054 472 4120; x_wconf 73' lang='lat' dir='ltr'>monamicorum</span> <span class='ocrx_word' id='word_1_266' title='bbox 490 4051 592 4117; x_wconf 84' lang='lat' dir='ltr'>uel</span> <span class='ocrx_word' id='word_1_267' title='bbox 563 4071 743 4136; x_wconf 69' lang='lat' dir='ltr'>aequorum</span> <span class='ocrx_word' id='word_1_268' title='bbox 761 4051 901 4116; x_wconf 78' lang='lat' dir='ltr'>oliorum</span> <span class='ocrx_word' id='word_1_269' title='bbox 914 4050 1125 4151; x_wconf 77' lang='lat' dir='ltr'>probassent,</span> <span class='ocrx_word' id='word_1_270' title='bbox 1151 4050 1353 4143; x_wconf 61' lang='lat' dir='ltr'>dttqsaam</span> 
     </span>
     <span class='ocr_line' id='line_1_36' title="bbox 223 4144 1333 4245; baseline -0.004 -22"><span class='ocrx_word' id='word_1_271' title='bbox 223 4163 520 4239; x_wconf 62' lang='lat' dir='ltr'>canusiumque</span> <span class='ocrx_word' id='word_1_272' title='bbox 534 4154 670 4244; x_wconf 73' lang='lat' dir='ltr'>lsqcndo</span> <span class='ocrx_word' id='word_1_273' title='bbox 684 4152 993 4243; x_wconf 80' lang='lat' dir='ltr'>commentandoquc</span> <span class='ocrx_word' id='word_1_274' title='bbox 1009 4146 1108 4223; x_wconf 74' lang='lat' dir='ltr'>ctiam</span> <span class='ocrx_word' id='word_1_275' title='bbox 1122 4144 1239 4245; x_wconf 57' lang='lat' dir='ltr'>ecqua</span> <span class='ocrx_word' id='word_1_276' title='bbox 1249 4161 1333 4220; x_wconf 79' lang='lat' dir='ltr'>uota</span> 
     </span>
     <span class='ocr_line' id='line_1_37' title="bbox 217 4257 1331 4355; baseline -0.005 -26"><span class='ocrx_word' id='word_1_277' title='bbox 217 4261 356 4347; x_wconf 81' lang='lat' dir='ltr'>faceret</span> <span class='ocrx_word' id='word_1_278' title='bbox 397 4258 556 4327; x_wconf 82' lang='lat' dir='ltr'>Continuo</span> <span class='ocrx_word' id='word_1_279' title='bbox 578 4260 629 4327; x_wconf 83' lang='lat' dir='ltr'>lris</span> <span class='ocrx_word' id='word_1_280' title='bbox 652 4259 809 4346; x_wconf 83' lang='lat' dir='ltr'>exempli</span> <span class='ocrx_word' id='word_1_281' title='bbox 815 4258 919 4346; x_wconf 79' lang='lat' dir='ltr'>gratia</span> <span class='ocrx_word' id='word_1_282' title='bbox 940 4262 1166 4331; x_wconf 80' lang='lat' dir='ltr'>subiiciuutun</span> <span class='ocrx_word' id='word_1_283' title='bbox 1182 4257 1241 4355; x_wconf 72' lang='lat' dir='ltr'>¹qai</span> <span class='ocrx_word' id='word_1_284' title='bbox 1265 4257 1331 4323; x_wconf 88' lang='lat' dir='ltr'>istc</span> 
     </span>
    </p>
   </div>
   <div class='ocr_carea' id='block_1_7' title="bbox 0 0 1456 4822">
    <p class='ocr_par' dir='ltr' id='par_1_9' title="bbox 0 0 1456 4822">
     <span class='ocr_line' id='line_1_38' title="bbox 0 0 1456 4822; baseline 0 3"><span class='ocrx_word' id='word_1_285' title='bbox 0 0 1456 4822; x_wconf 95' lang='lat' dir='ltr'> </span> 
     </span>
    </p>
   </div>
  </div>
 </body>
</html>
