2902 4822
681 422 762 546 na,
775 509 777 514 ,

163 639 248 704 Flor.
272 634 399 704 demum
432 650 651 725 accesserunt,
684 641 724 703 ad
754 639 843 704 Aiac.
880 640 963 702 1285
994 635 1027 704 οὖ
1052 634 1248 723 δραπέτην
1218 631 1272 704 τον
1356 639 1357 642 ’

163 741 290 829 κλῆρον]
310 737 451 829 'naama
479 767 541 819 τοις
567 769 587 828 χ
609 743 629 828 ἡ
651 743 805 829 ἱστορίαή
835 742 904 825 περί
924 738 1121 825 Κρεσφόντου,
1153 744 1269 828 quihus

165 841 239 911 nota
272 871 312 933 χ
320 848 483 912 mendose
511 849 630 941 scripta
662 860 712 913 est
734 849 806 931 [pro
833 842 908 933 ih.
937 867 965 909 e
1000 845 1270 930 ὑπομνηματισταῐς.

164 946 266 1014 Hos
255 961 329 1015 rain
342 952 472 1015 criticos
496 953 565 1015 sive
588 954 780 1035 interpretes
804 952 935 1015 sirecte
956 969 1028 1012 oum
1043 953 1272 1014 commentario

164 1049 229 1119 isto
251 1057 503 1138 composuimus,
528 1057 765 1119 consectarium
788 1066 838 1119 est
861 1052 947 1138 quod
977 1062 1008 1115 et
1032 1073 1084 1116 res
1108 1055 1176 1135 ipsa
1200 1075 1273 1118 sua-

165 1158 243 1222 dere
268 1158 404 1241 videtur,
429 1168 462 1221 nt
485 1159 515 1221 id
547 1158 629 1241 opus
652 1159 753 1222 fuisse
776 1169 953 1236 statuamus
969 1226 972 1232 ,
988 1174 1028 1218 ex
1062 1155 1276 1239 complurium

165 1247 333 1326 anctorum
373 1263 610 1326 commentariis
648 1262 678 1324 in
719 1259 914 1344 Sophoclem
955 1259 1173 1342 conscriptum
1207 1259 1273 1323 col·
1358 1292 1361 1297 ·

166 1365 350 1449 lectumque
380 1365 420 1459 ad
454 1385 524 1428 eam
559 1384 663 1448 paene
692 1364 837 1446 formam,
872 1383 968 1447 quam
1004 1363 1059 1446 qui
1088 1363 1119 1423 in
1145 1362 1273 1426 iliadem
1352 1428 1363 1447 ,

167 1470 372 1551 conscriptus
407 1470 657 1532 commentarius
690 1469 721 1530 in
759 1467 872 1551 codice
895 1464 1020 1528 Veneto
1053 1478 1201 1530 servatus
1225 1478 1295 1549 est

167 1563 324 1638 ostendit.
357 1593 396 1636 ex
428 1592 491 1656 quo
527 1582 561 1636 ut
594 1573 728 1635 aliorum
764 1572 910 1635 codicum
942 1567 1071 1653 Scholia
1105 1569 1295 1658 Homerica

167 1675 318 1740 nonnulla
348 1677 517 1740 manifeste
544 1687 743 1758 transumpta
775 1685 866 1752 suut,
902 1675 944 1736 ita
975 1673 1100 1736 idem
1091 1696 1122 1738 ιο
1150 1672 1277 1758 Sopho

168 1775 363 1863 enisi-quae
385 1800 470 1843 nunc
493 1791 631 1843 aetatem
660 1779 811 1860 tulerunt,
840 1777 969 1866 accidit,
999 1777 1062 1840 hoo
1085 1789 1190 1842 tamen
1214 1777 1279 1856 dis·

169 1876 312 1965 crimine,
347 1883 433 1968 quod
467 1881 663 1966 Sophoclius
695 1872 846 1967 antiquus
877 1881 930 1944 ille
960 1885 1207 1947 commentarius
1239 1903 1279 1946 ex

171 1985 288 2070 quibus
312 1985 498 2049 auctoribus
522 1988 732 2050 concinnatus
756 1987 797 2049 sit
821 2004 883 2048 non
904 1985 980 2047 item
1003 2006 1041 2049 ac
1066 1988 1097 2048 in
1121 1985 1195 2051 cod.
1216 1983 1280 2049 Ve-

169 2075 320 2153 netoad
345 2099 488 2152 nostram
526 2090 667 2153 notitiam
700 2089 858 2173 perlatum
888 2100 947 2154 est.
992 2086 1029 2151 Si
1056 2091 1118 2152 iam
1142 2088 1182 2152 ad
1205 2107 1281 2153 con·

169 2193 324 2255 iecturam
359 2212 411 2256 res
444 2192 583 2276 devenit,
607 2193 789 2258 recordanti
824 2192 927 2256 simile
960 2212 1043 2275 opus
1074 2175 1281 2256 collectitium

171 2295 212 2358 de
234 2294 377 2359 Homero
400 2317 418 2360 a
441 2295 581 2381 Didymo
605 2297 782 2380 profectum
807 2317 892 2378 esse,
926 2295 1000 2359 huic
1024 2315 1063 2359 eo
1086 2295 1281 2380 propensius

173 2397 325 2464 censebis
355 2401 449 2463 etiam
479 2400 558 2464 illud
588 2400 708 2480 deberi,
741 2420 805 2485 quo
835 2420 908 2463 eum
940 2398 980 2461 do
1011 2397 1174 2481 Sophocle
1197 2418 1283 2463 com·

175 2503 349 2568 montarios
372 2502 543 2587 reliquisse
567 2516 707 2568 constat:
731 2504 817 2589 quod
842 2522 938 2588 quum
961 2503 1021 2566 iam
1046 2502 1120 2566 olim
1143 2502 1284 2566 breviter

177 2606 413 2690 significassem
441 2607 461 2670 l.
485 2607 523 2690 1.,
557 2609 642 2671 idem
672 2617 893 2693 argumentum
926 2592 1093 2671 disertius'
1113 2605 1286 2690 explanare
1392 2601 1395 2607 ²

177 2709 300 2774 studuit
322 2709 376 2773 W.
399 2709 436 2775 Τ.
459 2710 503 2775 Μ.
538 2713 569 2775 in
592 2710 725 2794 Ephem.
748 2712 806 2775 litt.
829 2710 901 2774 Hal.
935 2711 1026 2774 1837.
1050 2730 1080 2791 p.
1105 2711 1178 2774 539.
1224 2708 1287 2792 Qui

178 2813 207 2876 si
226 2800 338 2878 statuit
360 2812 490 2878 Scholia
510 2813 694 2897 Sophoclia‚
719 2794 801 2897 quite
824 2814 951 2895 adsunt,
975 2815 1144 2877 maximam
1164 2822 1287 2895 partem

179 2935 230 2980 ex·
244 2915 380 3002 Didymi
395 2917 639 2982 Commentariis
663 2918 832 3001 compilata
857 2937 942 2997 esse,
966 2915 998 2978 id
1018 2916 1103 3000 quod
1130 2915 1181 2978 vel
1204 2920 1287 2978 unns

179 3019 393 3106 locusAntig.
409 3023 473 3083 722
489 3023 660 3086 ostendere
673 3032 792 3105 potest,
816 3020 1023 3103 Ritterus'qnc
1047 3020 1208 3082 sustinere
1222 3029 1290 3082 stu-

180 3123 260 3205 datr,
284 3134 372 3188 recte
394 3125 426 3187 id
449 3127 603 3189 statuisse
621 3125 793 3206 videbitur,
817 3125 844 3187 si
865 3122 1164 3213 simulconcessum
1185 3123 1289 3203 luerit,

89 3285 92 3289 ,
180 3238 309 3310 praeter
338 3226 510 3313 Didymum
542 3230 636 3292 etiam
670 3229 858 3312 antiquioris
883 3226 1234 3312 eruditionisvestigia
1258 3227 1290 3289 iu
1337 3270 1340 3276 -

182 3331 222 3394 iis
255 3351 453 3416 agnoscere3
491 3331 542 3396 vel
573 3333 600 3394 si
637 3333 678 3394 ita
712 3342 900 3411 statuamus
931 3319 1018 3413 quod
1049 3330 1088 3393 ad
1123 3332 1290 3419 veritatem

184 3434 318 3517 propius
341 3435 498 3499 accedere
530 3434 666 3515 videtur,
704 3446 830 3518 sumpta
855 3435 983 3518 quidem
1007 3435 1057 3497 illa
1083 3444 1204 3497 tantum
1229 3452 1293 3495 non

185 3537 296 3600 omnia
313 3558 354 3600 ex
377 3537 514 3623 Didymo
537 3559 622 3620 esse,
654 3541 773 3623 quippe
804 3539 896 3601 cuius
924 3535 1231 3654 Commentariorum
1255 3554 1292 3598 oa

184 3639 290 3703 forma
309 3640 434 3722 luisset,
458 3653 491 3705 ut
514 3643 740 3724 superiorum
740 3641 922 3704 criticorum
947 3649 1125 3704 commenta
1148 3638 1186 3703 iis
1202 3638 1294 3716 inse·¹
1344 3724 1345 3727 Ἴ

186 3745 286 3807 ruerit
306 3756 406 3830 atque
430 3746 523 3808 etiam
548 3744 604 3808 uhi
627 3746 712 3809 facto
736 3763 817 3826 opus
841 3742 902 3825 ipsi
926 3744 1028 3807 visum
1052 3753 1150 3824 esset,
1173 3735 1297 3809 iudica

186 3846 248 3928 rit,
257 3847 304 3910 ita
327 3846 575 3912 utScholiastae
598 3847 682 3911 unde
705 3850 906 3931 antiquorum
929 3847 1105 3910 sententias
1119 3832 1297 3931 excerpere

147 3950 150 3953 ’
188 3962 337 4032 possent
357 3951 553 4015 habuissent
611 3951 704 4033 Quod
739 3952 870 4037 egregie.
908 3949 1113 4040 confirmatur
1148 3970 1189 4013 ex
1222 3948 1296 4014 loco

128 4074 129 4077 ¹
188 4051 392 4118 Scholiornm
424 4055 541 4137 insigni
573 4054 614 4117 de
647 4055 718 4118 fide
744 4054 853 4137 Antig.
888 4052 940 4133 46,
975 4051 1015 4114 do
1045 4070 1110 4135 quo
1140 4075 1237 4119 versu
1257 4053 1295 4119 ad

189 4157 438 4243 praecedentem
446 4157 805 4244 adnotaturzy-hr'oupoc
828 4152 863 4220 rt
885 4177 971 4239 φησιν
994 4154 1062 4220 ὑπὸ
1082 4165 1141 4222 τῶν
1164 4157 1297 4241 ὑπομνη-

190 4268 347 4346 μᾳοιοοῶν,
369 4258 418 4352 τὸν
434 4261 520 4348 flii<
535 4313 537 4317 .
555 4261 659 4345 στίχον.
681 4260 1004 4340 semilaicum-unde
1032 4260 1194 4326 lucramur
1228 4259 1298 4325 ὑπο-
