2902 4822
681 442 757 530 '122

162 647 218 734 γὰρ
240 647 320 733 τάχα
342 646 403 715 ἀντὶ
423 655 476 714 τοῦ
496 644 632 732 ταχέως·
653 645 687 711 τὸ
710 646 744 710 δὲ
766 632 839 711 eico
862 644 1010 731 διέρχεται
1019 645 1070 712 καὶ
1084 646 1119 712 τὸ
1130 634 1273 732 τέταρτοι.

163 753 229 818 Sed
260 757 313 819 hic
344 757 437 820 locus
467 755 547 817 inira
579 744 818 836 retractandus,
852 753 905 816 ubi
934 753 975 816 de
1006 753 1092 837 diple
1119 746 1273 837 punctata

163 878 271 924 sermo
294 862 363 924 erit.
388 863 415 941 ⁹)
1246 842 1250 851 ¹

248 966 284 1045 8)
307 964 386 1049 πρὸς
408 963 637 1048 σχηματισμούς,
671 975 707 1028 ut
729 963 860 1026 affertur
881 962 1024 1048 breviter
1053 964 1086 1026 in
1114 960 1275 1030 Anecdoti

164 1071 254 1134 Rom.
289 1078 359 1152 cap.
393 1068 431 1131 ll.
465 1070 557 1133 cuius
596 1069 669 1132 loco
709 1089 781 1151 cap.
819 1067 850 1130 l:
897 1067 975 1152 πρὸς
1012 1068 1098 1153 ἕτερα
1138 1058 1276 1156 σχήματα

164 1169 336 1255 πάμπολλα,
367 1170 483 1254 quihus
518 1191 616 1254 quum
649 1171 840 1254 praesertim
871 1173 1085 1253 proprietates
1115 1174 1275 1237 sermonis

164 1273 395 1359 significentur,
420 1275 525 1338 omnia
549 1277 843 1358 eacomprehensa
878 1265 965 1358 sunt,¹
998 1298 1081 1361 quae
1103 1276 1144 1342 ad
1167 1279 1276 1363 singu·

164 1378 265 1442 larem
287 1379 478 1442 elocutionis
507 1381 641 1443 formam
671 1378 940 1465 grammaticalem
966 1380 1019 1444 vel
1052 1384 1147 1446 etiam
1175 1372 1276 1467 poeti·¹

166 1500 235 1544 cam
259 1491 291 1542 et
314 1480 507 1544 rhetoricam
539 1492 735 1565 spectarent.
780 1481 828 1544 Ex
862 1482 917 1546 illo
940 1503 1059 1566 genere
1089 1504 1119 1547 v.
1143 1504 1171 1548 c.
1203 1494 1277 1552 suot

166 1605 249 1669 quae
272 1585 464 1649 adnotantur
486 1586 525 1648 ad
547 1586 583 1653 ll.
608 1588 635 1667 δ,
659 1588 740 1651 357τ
763 1593 823 1667 γνῶ
844 1584 1024 1672 χωομένοιο]
1049 1585 1068 1672 ἡ
1091 1591 1178 1674 διπλῆ
1202 1584 1277 1672 πρός

166 1688 200 1755 τὸ
231 1696 343 1773 σχῆμα,
376 1687 420 1754 ὅτι
449 1695 486 1774 τῇ
514 1698 614 1776 perrupi
643 1688 705 1755 ἀντὶ
737 1698 790 1776 τῆς
825 1688 989 1776 αἰτιατικῆς.
1044 1691 1142 1756 Aliud
1172 1691 1278 1776 diplne

167 1792 349 1874 exemplum
382 1814 412 1873 α,
443 1793 507 1856 324
540 1813 603 1857 una
635 1815 707 1858 cum
741 1796 854 1860 eadem
889 1797 1104 1879 explicatione
1136 1794 1215 1882 πρὸς
1244 1784 1278 1862 τέ

168 1903 285 1980 σχῆμα,
309 1916 403 1978 quam
437 1899 560 1980 primus
583 1918 624 1960 ex
647 1897 767 1963 Codice
797 1903 936 1966 restituit
957 1901 1118 1987 Pluygers
1147 1901 1198 1967 De
1228 1900 1279 1969 cd.

168 2018 264 2062 carm.
288 1996 381 2063 Hom
404 2010 436 2063 et
457 1998 566 2063 Schol.
589 2022 619 2083 p.
642 2002 673 2062 7.
719 1999 779 2064 Vel
802 2002 921 2086 Odyss.
945 2025 971 2084 ε,
993 2004 1073 2066 422:

273 2104 305 2180 ἐξ
327 2105 411 2189 ἁλός,
434 2101 486 2172 οἷά
508 2130 539 2171 τε
564 2104 662 2171 πολλὰ
684 2103 785 2190 τρέφει
806 2105 913 2180 κλυτὸς
932 2102 1117 2190 Ἀμφιτρίτη,

170 2213 224 2278 ubi
246 2211 355 2277 Schol.
379 2210 466 2275 Harl.
485 2203 686 2294 Ἀρίσταρχος
708 2207 816 2293 γροίρει
838 2207 899 2291 „eir
923 2207 973 2274 ἁλὶ
994 2209 1047 2274 ἅτε
1070 2207 1149 2296 [leg.
1168 2205 1279 2295 οἷοίτε]

169 2312 278 2397 πολλοί,
312 2316 404 2379 cuius
427 2314 642 2378 adnotationis
675 2317 768 2397 ratio,
803 2313 998 2378 Buttmanno
1020 2326 1110 2378 recte
1132 2312 1280 2397 docente,

170 2419 349 2501 explicatur
370 2418 480 2482 verbis
503 2416 540 2498 Q.
586 2417 606 2501 ἡ
630 2415 663 2480 δὲ
686 2420 775 2501 διπλῆ
805 2416 883 2501 πρὸς
904 2416 937 2481 τὸ
962 2424 1081 2501 σχῆμα·
1109 2413 1159 2480 καὶ
1185 2411 1230 2481 ὅτι
1251 2412 1281 2481 έν

168 2517 300 2608 θαλάττῃ
334 2519 374 2586 ὢν
404 2517 483 2602 λέγει
511 2517 553 2600 ἐξ,
586 2520 606 2603 ἡ
640 2518 742 2604 [ἤγουν
750 2518 781 2603 2]
816 2519 873 2586 διά.
918 2521 1087 2603 Nimirum,
1121 2530 1157 2584 ut
1190 2518 1282 2613 Butt3

169 2631 276 2692 manni
298 2627 397 2691 verba
420 2646 491 2689 mea
514 2626 639 2708 faciam,
663 2626 802 2689 absurda
823 2627 869 2689 illi
892 2625 1061 2691 videbatur
1082 2614 1281 2710 praepositio

169 2727 209 2804 ἐξ.
254 2729 327 2794 Alia
352 2727 498 2810 exempla
521 2735 688 2810 praestant
710 2727 798 2791 lliad.
822 2752 840 2809 ι,
855 2731 909 2794 77.
931 2750 963 2809 τι,
984 2727 1034 2791 17.
1058 2750 1095 2808 ω,
1118 2710 1281 2792 actitat.

169 2834 322 2898 Poeticae
345 2832 468 2916 figurae
491 2832 673 2914 exemplum
702 2834 887 2918 suppeditat
909 2837 938 2915 λ,
967 2834 1049 2898 747ι
1071 2831 1091 2918 ἡ
1115 2833 1215 2916 διπλῆ,
1239 2825 1283 2897 ὅτι

170 2930 360 2999 ἐκπέπτωκεν
391 2930 432 3008 εἰς
463 2934 613 3018 ποιητικὴν
649 2935 831 3019 κατασκευὴν
866 2933 901 3001 τὸ
931 2926 1131 3020 παρηγμένοι
1148 2929 1282 3018 ἡωρῖκὸν

221 3156 251 3224 9)
271 3156 406 3209 lncertum
421 3171 456 3208 an
469 3153 503 3208 ad
513 3153 701 3208 Aristarchum
716 3153 862 3208 reserenda
877 3155 931 3208 sint
945 3170 1015 3225 quae
1029 3158 1137 3208 exstant
1150 3155 1178 3206 in
1188 3150 1281 3209 Schol.

275 3241 352 3298 Harl.
371 3241 475 3313 odyss.
492 3261 517 3315 γ,
536 3245 602 3297 23οε
627 3240 768 3314 Τηλέμαχε]
794 3238 907 3314 Λαγαρὸς
924 3239 985 3294 ἐστιν
1001 3238 1015 3292 ὁ
1034 3238 1114 3314 στίχος
1131 3238 1158 3292 δέ
1175 3236 1234 3300 ἴσως
1252 3256 1283 3312 ρο

276 3329 403 3399 [Porson.
429 3347 481 3386 em.
506 3330 558 3404 μέν]
586 3328 706 3406 γέγραφε,
739 3323 858 3399 Τηλέμαχ’
890 3326 1001 3403 ὑψαγόρῃ
1025 3326 1088 3399 μέγα
1113 3325 1185 3400 νήπιε
1212 3333 1285 3380 τοῖσι

275 3415 366 3482 έιιτιις;
384 3417 425 3470 τὸν
445 3416 472 3470 δὲ
489 3416 598 3492 διέτιρον
615 3418 729 3492 ττιριεέριι
747 3413 832 3485 [idem
849 3418 927 3466 recte
942 3413 1071 3487 ττιριαιριῐ]
1091 3411 1181 3474 cello<
1199 3410 1241 3466 διὰ
1256 3412 1285 3467 τέ

277 3504 412 3578 ραχόριιοι
439 3503 513 3577 αὐτῷ,
537 3504 608 3580 cipi]
636 3500 689 3556 dccl
715 3501 748 3560 ὣς
766 3498 872 3553 ἐθέλοιεν
897 3500 951 3568 (νε.
973 3501 1046 3566 228).
1082 3499 1223 3555 Postrema
1249 3494 1286 3551 ad

274 3597 317 3647 v's·
335 3595 382 3644 231
403 3599 537 3662 spectant,
563 3591 608 3644 ubi
626 3589 755 3644 Ambros.
782 3585 815 3653 Q.
850 3584 999 3660 Σηριιωτέον
1023 3586 1064 3639 τὸν
1082 3585 1171 3660 στίχον,
1191 3583 1228 3638 ὃτι
1243 3582 1285 3637 καὶ

232 3706 236 3711 ’
274 3676 385 3753 ἀνωτέρω
404 3677 431 3731 οὺ
448 3677 504 3752 περὶ
522 3677 681 3751 Τηλεμάχου,
698 3675 754 3751 rupi
768 3674 795 3728 δέ
810 3670 942 3732 Ὀδυσσέως
959 3670 1061 3748 εἴρηται,
1078 3670 1114 3731 τίς
1131 3665 1153 3724 δ’
1171 3665 1217 3724 οἷδ’
1235 3666 1285 3722 tiu

274 3765 332 3819 ποτέ
357 3784 398 3836 σρι
420 3763 472 3833 diac
495 3761 647 3817 ἀποτέταται
680 3763 759 3817 illidi
787 3763 838 3831 (vs.
864 3762 941 3821 216).
979 3757 1100 3829 Utraque
1127 3756 1288 3839 observatio

192 3876 195 3881 ·
276 3853 311 3906 ad
330 3853 444 3906 candem
462 3851 641 3904 offensionem
659 3849 746 3914 redit,'
758 3849 838 3901 cuius
857 3847 904 3916 qui
923 3853 1017 3898 auctor
1034 3843 1117 3898 fuerit
1133 3843 1290 3914 quaeritura

275 3938 319 3993 Ac
343 3955 408 3992 vere
433 3938 572 3991 Porsonus
590 3934 700 3988 viderat
728 3937 754 3986 iu
773 3933 868 3987 verbis
888 3931 915 3985 δέ
932 3929 990 3992 ἴσως
1007 3948 1107 3985 nemen
1125 3930 1216 3983 critici
1236 3927 1304 3981 ali-s

278 4027 358 4079 cuius
369 4027 465 4087 latere,
484 4039 564 4094 quem
579 4028 715 4092 sequutus
729 4020 909 4074 Buttmannus
923 4013 1021 4091 Ἴστρος,
1035 4015 1191 4072 Boechhius
1207 4009 1286 4076 Ἰξίων

275 4111 463 4186 reponendum
482 4115 636 4175 suaserunt,
670 4106 815 4180 inquibus
843 4104 1012 4158 coniecturis
1039 4104 1240 4158 clementorum
1259 4096 1287 4153 δι

278 4200 348 4255 ratio
367 4196 460 4251 habita
479 4201 603 4248 nonest.
640 4194 707 4250 Mihi
726 4192 870 4248 videbatur
888 4189 1043 4245 Aristarchi
1061 4204 1170 4254 nomen,
1189 4189 1287 4260 imper·

277 4287 351 4344 lecte
368 4283 434 4339 olim
451 4284 591 4358 scriptum,
609 4300 645 4340 ex
662 4284 800 4356 scriptura
816 4274 949 4334 dllleG
965 4273 1076 4333 facilius
1092 4274 1213 4349 prodire.
