2902 4822
738 440 816 518 206

215 635 408 712 Ἀττικοανοῖς
429 635 651 720 reponendum
674 655 760 719 esse,
785 637 904 720 quippe
927 654 992 719 quo
1009 637 1138 700 nomine
1157 636 1221 703 ianr
1241 647 1332 703 certe

191 743 380 828 quaedam
411 738 616 823 exemplaria,
648 739 701 803 vel
728 740 837 821 potius
869 741 1077 804 recensiones
1100 739 1331 806 Demosthenis

221 855 253 910 et
274 845 448 909 Aeschinis
476 844 656 907 orationum
689 843 919 927 intelligantur,
951 863 1032 926 quas
1061 863 1176 908 rursus
1207 864 1250 910 cx
1272 843 1332 909 du·

220 949 313 1035 plicis
336 949 529 1032 scripturae«
544 949 704 1011 mentione
728 945 908 1030 colligimus
941 949 984 1011 ita
1010 948 1184 1012 instructos
1215 949 1330 1031 inisse,

220 1065 254 1117 nt
276 1061 406 1135 praeter
427 1052 596 1133 scriptoris
626 1050 726 1114 verba
758 1051 851 1113 etiarn
875 1059 969 1114 notas
992 1049 1147 1135 quasdam
1169 1071 1248 1118 oeae
1274 1072 1331 1135 pa·

220 1157 383 1240 glomum,
422 1149 548 1238 opinor,
582 1153 728 1217 adiectas
760 1174 822 1217 una
856 1154 1198 1237 comprehendissent:
1241 1156 1331 1240 quod

219 1279 314 1344 qnam
349 1269 525 1322 memoratu
557 1255 687 1340 dignum
711 1258 752 1320 sit
781 1260 888 1321 statim
912 1257 1103 1322 videbimus.
1150 1257 1267 1343 Neque
1287 1258 1357 1322 de

220 1363 334 1426 borum
358 1360 587 1445 exemplarium
611 1361 740 1425 nomine
762 1360 881 1446 ambigi
908 1371 1034 1445 potest,
1069 1356 1339 1446 qnandoquidem

219 1465 488 1550 quemadmodum
521 1483 562 1526 cx
596 1465 724 1526 nomine
757 1465 887 1529 Atticus
916 1465 1109 1529 adiectivum
1144 1466 1332 1531 Atticinum

223 1570 338 1650 evasit,
371 1567 458 1653 quod
480 1571 512 1631 in
535 1586 652 1630 nomen
674 1567 839 1649 proprium
862 1568 948 1650 abiit,
974 1570 1001 1638 ³)
1035 1570 1077 1632 ita
1101 1570 1140 1633 ad
1161 1579 1329 1634 auctorem

219 1672 378 1757 quendam
400 1672 500 1735 Attici
523 1671 651 1734 nomine
673 1681 790 1753 sponte
814 1670 969 1753 ducimur,
1000 1691 1095 1756 quem
1117 1670 1329 1738 Hemsterbu·

217 1777 287 1840 sins
317 1775 403 1838 notis
436 1773 498 1837 Ms.
529 1772 569 1836 ad
599 1759 888 1857 Harpocrationenr
922 1766 1116 1839 aDobraeo
1149 1775 1192 1840 ad
1222 1775 1329 1840 Photii

217 1879 296 1944 Lex.
318 1877 424 1942 indice
447 1898 477 1961 p.
500 1877 565 1939 740
587 1877 675 1952 (649.
694 1877 801 1960 lips.)
830 1878 979 1962 vulgatis,
1002 1890 1175 1964 postquam
1195 1880 1329 1945 Atticia-

218 1979 331 2046 norum
365 1981 512 2046 codicum
543 1982 735 2045 mentionem
769 2001 866 2064 supra
898 1980 1033 2047 laudatis
1064 1983 1330 2068 Harpocrationis

216 2084 310 2167 locls3
348 2095 414 2147 tum
444 2085 538 2147 etiarn
572 2105 602 2147 v.
634 2084 765 2165 Θύοτιον,
792 2083 848 2148 ubi
870 2085 902 2147 in
925 2086 1034 2150 verbis
1062 2086 1147 2171 ἡμεῖς
1180 2082 1328 2170 μέντοιὲν
1404 2129 1409 2137 -

216 2194 277 2260 τοῖς
295 2180 490 2270 Ἀπινισμοῑς
511 2184 560 2251 διὰ
588 2194 640 2252 τοῦ
666 2189 690 2252 τ’
712 2185 814 2251 Θύτιον
842 2184 963 2270 εὕρομεν
993 2185 1188 2272 γεγραμμένον
1219 2187 1329 2272 legen·

217 2289 292 2354 dum
316 2301 404 2354 esset
427 2288 456 2356 ἐν
478 2299 539 2365 τοῖς
556 2284 764 2370 Ἀττικιανοῖς,
786 2290 819 2354 id
842 2291 930 2373 quod
952 2313 1065 2356 revera
1087 2294 1120 2356 in
1142 2291 1214 2357 cod.
1235 2291 1329 2358 Cant.

216 2404 248 2457 et
276 2393 346 2458 Gal.
375 2405 504 2460 exstare
537 2397 724 2460 subnotavit
757 2395 872 2478 editor,
906 2415 943 2461 se
973 2398 1135 2480 reperisse
1157 2394 1328 2480 protessus

214 2527 499 2544 Μοψ-

319 2617 397 2667 eam,
432 2617 485 2671 qna
518 2618 551 2653 ex
582 2600 706 2653 codicum
735 2615 872 2655 consensu
900 2618 970 2656 nunc
995 2601 1121 2671 vulgator
1148 2597 1324 2672 ἂνπολομοοαι,

316 2696 425 2759 oportet
443 2687 593 2758 prolectam
618 2704 681 2741 csse
708 2685 742 2740 ab
769 2688 821 2753 iis,
853 2688 900 2760 qni
927 2704 1009 2759 quum
1037 2689 1219 2744 elocutionem
1244 2684 1321 2741 'lhu-

317 2775 425 2845 eydidis
449 2774 660 2828 Demosthenem
688 2773 761 2827 haud
792 2775 878 2828 semel
905 2777 1035 2831 inritstum
1064 2790 1126 2829 esse
1145 2775 1259 2838 seirent,
1289 2788 1323 2827 eo

318 2860 458 2915 lubentius
477 2859 610 2915 eiusmodi
633 2861 749 2933 phrases
773 2862 930 2927 tolerarent,
953 2863 998 2917 vel
1025 2864 1107 2917 etiam
1125 2859 1159 2912 ad
1177 2876 1238 2914 enm
1256 2874 1322 2913 nor·

317 2964 386 3001 nram
406 2954 562 3001 contextum
580 2946 752 3017 resurgerent.
789 2947 967 3003 Luculentum
987 2949 1102 3001 alterum
1129 2960 1217 3016 paene
1236 2946 1320 3014 gemi-

317 3051 368 3089 nae
397 3035 598 3106 discrepantiae
624 3034 787 3105 exemplum,
814 3050 867 3105 qno
892 3051 989 3088 rursus
1008 3033 1126 3103 duplicis
1146 3031 1322 3084 recensionis

316 3122 431 3190 vestigia
456 3119 599 3188 leguntur,
622 3121 778 3191 suppeditat
802 3118 849 3175 Or.
875 3120 909 3174 de
941 3135 1042 3173 corone
1066 3135 1092 3189 p.
1117 3121 1181 3182 227,
1212 3116 1259 3169 ubi
1285 3117 1322 3173 sd

316 3206 455 3282 διαγνῶσιν,
484 3205 555 3276 quod
575 3205 688 3259 codices
705 3211 824 3258 reboent
842 3221 951 3269 onmes,
975 3204 1106 3276 Ulpianus
1124 3202 1263 3257 adnotavit
1280 3221 1321 3279 γρ.

316 3292 456 3367 διαγνώμην
473 3285 596 3357 Ἀττικῶς,
615 3306 684 3361 quae
703 3298 754 3357 est,
772 3299 801 3345 ut
818 3300 895 3348 recte
914 3290 1082 3345 Scheet'erus
1101 3291 1237 3361 admonet,
1264 3306 1319 3344 vox

315 3379 499 3452 Thucydidis,
528 3377 562 3432 ah
580 3395 613 3432 eo
633 3376 755 3448 quidem,
776 3378 842 3431 lieet
861 3375 1042 3449 Thucydidiis
1071 3378 1173 3449 passim
1200 3376 1318 3430 colorari

275 3527 279 3534 ,
314 3470 463 3523 orationem
482 3464 690 3532 Demosthenis,
721 3463 887 3533 haudignaro
912 3463 1071 3536 improbata.
1108 3464 1141 3517 V.
1159 3462 1270 3518 Snidam
1290 3477 1316 3514 ν.

312 3552 436 3629 διομὼμη
455 3560 482 3608 et
500 3569 569 3624 quos
587 3552 624 3606 ihl
643 3555 743 3605 excitat
760 3551 952 3623 grammaticos
971 3551 1142 3622 Bernhardy.
1178 3548 1234 3619 Ego
1249 3548 1317 3602 nihil

313 3642 440 3696 decerno.
478 3639 598 3709 ineptum
632 3656 699 3692 veru
727 3637 794 3691 illud
821 3636 892 3709 qnod
922 3637 1064 3706 adiicitur,
1094 3636 1220 3697 'Amce
1253 3634 1317 3688 nolo

310 3734 410 3791 tamem
428 3743 590 3797 quamquam
609 3727 732 3797 proclive
751 3733 835 3790 essct,
854 3733 948 3796 putare
968 3727 996 3778 in
1014 3743 1048 3780 eo
1066 3725 1237 3780 obscuratam
1252 3737 1316 3775 esse

312 3813 466 3868 Atticiaoae
485 3814 640 3885 scripturae
659 3814 829 3868 alentionem.
858 3811 948 3881 Atque
966 3812 1047 3866 huius
1066 3821 1141 3867 certe
1160 3809 1195 3864 de
1213 3823 1316 3862 corono

312 3901 445 3956 orationis
463 3902 603 3956 exstitisse
623 3899 686 3952 olim
706 3899 831 3952 diverses
849 3900 1037 3966 recensiones,
1056 3898 1212 3953 luculenter
1230 3895 1315 3949 dooe-

313 4002 372 4038 mnr
390 3986 424 4039 ab
443 3987 564 4042 Aristide
582 3984 615 4044 T.
634 3986 655 4040 l.
672 4004 700 4057 p.
719 3988 770 4037 530
789 3985 834 4038 cd.
851 3982 931 4037 Diod.
951 3983 1047 4039 thiecurt
1068 3987 1110 4040 τὸν
1130 3980 1267 4054 Ἄλκιμον.
1284 4017 1313 4036 ..

311 4070 447 4144 terrico,
471 4072 599 4146 mettoet
623 4092 663 4145 μοι
689 4071 760 4145 λόγον
778 4068 944 4145 Δημοοθίνοος
966 4069 1006 4125 τὸν
1036 4069 1097 4146 ὑπὲρ
1123 4076 1165 4126 τοῦ
1188 4066 1314 4140 crepereo,

311 4159 401 4235 lxm
416 4158 462 4235 οὺχ
480 4161 514 4221 ὡς
530 4164 579 4229 νῦν,
597 4156 649 4215 ἀλλ’
669 4159 754 4234 tripu:
770 4177 799 4234 γι
816 4159 857 4214 καὶ
872 4152 927 4211 καθ’
946 4156 1028 4233 lclpcr
1045 4156 1161 4214 ddum

258 4267 289 4335 8)
307 4265 341 4321 V.
359 4265 477 4322 Foroell.
494 4263 561 4322 Lex.
581 4268 608 4318 ct
625 4263 707 4318 nobis
723 4270 815 4319 notate
830 4260 945 4334 Ephem.
962 4260 1015 4320 tiu.
1032 4261 1191 4320 flnctus.
1207 4277 1234 4333 p.
1251 4261 1311 4318 tut.
