2902 4822
727 450 817 533 :ee

222 655 274 719 nis
294 655 402 718 foaaa-
419 672 460 717 an
482 652 594 718 Latina
617 655 670 735 sit,
693 652 830 717 dubitari
852 653 968 716 merito
985 648 1334 736 cucata-Vestiam·

221 756 320 821 leium
341 750 473 842 mamm.-
494 778 530 842 p.-
549 757 689 823 tile-Ao
709 766 899 840 suspectum
920 755 986 819 lroc
1005 754 1242 821 nonen-stiam
1259 755 1335 821 llei-

222 863 314 926 nesic
341 860 537 945 liltrc‚·²qui
565 861 764 925 inscribitur·
779 860 983 945 rAenigmati
1005 846 1334 945 Patavium-Oedipus

222 978 253 1049 p.
276 964 347 1030 ton
374 954 482 1048 llpun
504 963 665 1030 Catullum
687 963 791 1047 XXll,
815 958 846 1046 Ι1,
869 963 925 1027 nbi
947 961 1025 1028 olim
1052 960 1159 1028 Verre
1178 962 1335 1049 vulgaba-

221 1056 285 1151 turp
308 1067 532 1134 Lachmanuus
555 1078 646 1133 recte
674 1067 760 1132 Vere
780 1068 958 1132 revocavit.
1001 1068 1048 1131 At
1063 1066 1194 1134 librario
1216 1084 1336 1133 aeno·

223 1173 316 1236 minis
335 1170 479 1256 corrupti
494 1166 661 1257 corruptio
682 1190 766 1236 nova
782 1175 851 1235 'non
871 1181 936 1234 tam
955 1171 1036 1235 vitio
1050 1170 1215 1256 vementis,
1237 1190 1336 1257 quan

222 1274 366 1360 saeculo,
387 1296 462 1360 ·quo
492 1279 633 1362 scripsit,
657 1277 850 1358 recentiori,
883 1294 948 1359 quo
970 1276 1027 1358 qui
1047 1276 1160 1359 scripti
1181 1284 1259 1340 aunt
1277 1292 1336 1341 oc·

222 1379 311 1444 dices
328 1380 490 1464 'passim,··
507 1380 556 1446 uli
573 1380 684 1467 legere
705 1400 757 1444 me
788 1380 926 1462 memini,
958 1379 991 1440 in
1014 1376 1156 1444 Terentii
1176 1377 1336 1447 Varronis

221 1484 350 1547 nomine
372 1483 553 1549 exhibendo
577 1485 712 1549 eandem
731 1484 868 1548 formam
894 1492 1070 1566 praestant.
1109 1482 1195 1566 Quid
1214 1480 1335 1570 igitur?

221 1586 365 1672 Utraque
387 1589 549 1671 scriptura
571 1588 737 1672 mendosa,
761 1588 820 1653 sed
839 1588 882 1651 ita
899 1597 1094 1672 comparata,
1116 1592 1153 1652 ut
1170 1586 1336 1654 librarium

218 1689 379 1755 'Varronis
400 1690 550 1755 ·-'l¹erentii
578 1690 706 1756 nomen
724 1691 878 1757 exhihere
909 1690 1053 1757 voluisse
1082 1688 1336 1761 osteudae,··'fla·

223 1795 331 1879 quitur
352 1793 595 1878 nomen-Ennii,
619 1816 714 1881 quem
737 1798 765 1861 si
791 1796 971 1880 scripturae
998 1796 1146 1882 vestigiis
1166 1782 1336 1863 inhaerere

223 1896 321 1980 velis,
352 1892 515 1984 Bergkins
544 1900 589 1963 ait
616 1901 858 1988 intelligendum
891 1898 1049 1965 iunioreln
1077 1899 1186 1984 illum,
1216 1898 1273 1985 qai
1294 1898 1337 1965 (le

222 1996 356 2088 syllabis
378 2002 576 2086 scripsisset,
590 2000 655 2069 'aut
676 2024 794 2069 nomen
818 2005 894 2068 aius·
910 2003 943 2067 in
970 2002 1337 2069 emmerammi»

223 2121 308 2171 esse.
353 2104 455 2172 llaec·
472 2107 603 2191 quidem
625 2108 711 2173 haud
732 2108 816 2172 mala
839 2117 929 2172 esset
949 2106 1014 2172 loci
1032 2107 1205 2192 medicina,
1235 2108 1337 2206 quum

222 2211 254 2273 iu
284 2221 452 2293 comperto
474 2211 660 2277 habeamus·
682 2233 723 2276 ex
745 2212 862 2277 Donati
889 2209 962 2275 Vita
985 2208 1110 2299 Virgilii
1131 2211 1186 2294 lo,
1206 2210 1254 2277 ile
1271 2210 1339 2277 ime

222 2323 324 2399 poeta·
348 2313 545 2379 Herennium
581 2317 742 2401 quendam
775 2316 942 2403 quaedam·
966 2323 1226 2381 commentatum·
1245 2332 1356 2409 essm

222 2418 309 2483 Niliil
332 2438 411 2483 vero
433 2420 633 2504 mutandum,
657 2421 917 2507 quandoquidem
939 2422 1182 2506 grammaticum
1196 2406 1337 2483 Ennium

220 2523 327 2605 illum,
355 2525 441 2588 sicut
463 2525 504 2589 de
527 2525 642 2589 litteris
664 2525 864 2610 syllabisque
886 2522 1212 2608 scribere'potnerit,
1240 2522 1336 2587 είὶιιπ

222 2627 416 2711 scriptorem
430 2628 570 2711 aliquem
582 2629 740 2693 adnotare
756 2630 903 2713 potuisse
916 2628 1018 2693 iacile
1024 2627 1204 2694 concedes-¹
1227 2620 1338 2709 Quill?

221 2731 308 2816 quod
332 2730 455 2796 Ennius
478 2730 608 2818 quidam
629 2743 777 2797 notarum
800 2732 980 2819 vulgarium
1001 2726 1338 2821 inventcr'apmlllc-

221 2854 348 2900 manos·
363 2835 488 2900 dicitur.
533 2836 678 2901 isidorus
694 2832 797 2922 'Orig.
818 2839 848 2921 l,
879 2836 933 2920 21,
957 2838 995 2901 1':
1032 2834 1213 2923 »Vulgares
1239 2838 1337 2897 rictu

215 2937 344 3004 'Ennius
366 2941 490 3024 primus
511 2940 600 3004 mille'
620 2950 653 3003 et
675 2938 804 3004 centum
825 2941 958 3005 invenit.
991 2940 1148 3006 Notarum
1160 2958 1242 3005 usus
1254 2944 1336 3018 erat,

221 3054 256 3107 ut
279 3044 431 3130 quicquid
453 3064 512 3129 pro
536 3044 710 3126 contiones
736 3042 791 3109 aiut
812 3044 846 3107 in
867 3044 994 3111 iudiciis
1018 3044 1191 3127 (liceretur,
1212 3042 1338 3107 librarii

221 3148 401 3211 scriberent
425 3148 609 3232 complures
632 3147 727 3212 simul
749 3155 904 3231 astantes,
928 3148 1041 3214 divisis
1071 3149 1156 3213 inter
1177 3168 1216 3213 se
1230 3146 1337 3231 purti-

221 3250 294 3335 bus,
319 3263 397 3337 quot
419 3253 556 3337 quisque
579 3252 685 3316 verba.
699 3260 732 3314 et
754 3268 819 3337 quo
843 3251 955 3316 ordine
986 3253 1179 3337 erumperem¹
1211 3248 1337 3315 ¹Halte-

221 3374 292 3419 mus
328 3366 614 3421 oonrmemoratum
646 3355 680 3418 id
713 3374 817 3441 genus
852 3366 1021 3440 notarum,
1064 3340 1129 3442 uuo
1162 3354 1338 3443 utebantur

220 3459 335 3522 notarii
358 3460 429 3522 sive
449 3458 673 3545 tachygiaplri,
697 3458 879 3545 dequibus
903 3482 933 3526 v.
957 3457 1226 3545 vilicis-Prolag.
1239 3456 1336 3522 llum.

221 3584 253 3647 p.
280 3562 396 3647 XVlll,
431 3562 483 3628 vel
512 3564 541 3629 si
570 3564 695 3627 recenti
724 3565 853 3627 nomine
882 3565 1047 3649 appellare
1082 3562 1192 3646 malis,
1226 3546 1338 3646 stanc-

220 3669 345 3752 graphi,
382 3690 418 3733 re
441 3677 473 3732 et
495 3668 619 3737 renone
641 3667 682 3731 ab
705 3684 746 3731 ec
770 3666 868 3754 longe
891 3669 1018 3753 quidem
1043 3656 1218 3749 diversum,
1240 3666 1337 3753 'qnod

221 3770 420 3856 grammatici
454 3773 486 3835 in
519 3769 670 3836 notandis
703 3772 916 3855 scriptoribus
950 3772 1112 3858 adhibent,
1145 3764 1337 3843 seri-temen

221 3894 356 3940 munere
371 3879 445 3941 eius
465 3876 594 3940 minime
616 3875 792 3961 indignum,
817 3877 870 3960 qui
893 3874 1219 3961 grammaticipartte
1237 3872 1336 3941 stui-

221 3997 313 4063 nene3
342 3982 376 4044 in
391 3982 464 4045 -lroc
496 3980 606 4044 cilicio
637 3979 865 4065 persequendo
898 3980 1075 4046 brevitatis
1093 4000 1209 4049 caussa
1231 3976 1336 4065 εἰμί

221 4083 414 4166 quibusdam
428 4084 470 4148 ad
487 4083 711 4169 exponendam
731 4104 823 4149 suam
840 4085 1032 4169 sententiam
1044 4092 1200 4150 uteretur.
1219 4074 1336 4147 nuin-

223 4207 287 4270 que
309 4206 389 4253 vero
418 4186 555 4273 linnios'
572 4198 608 4251 ut
629 4207 690 4272 pro
722 4188 839 4257 eadem
851 4184 1000 4272 poisom
1021 4188 1169 4281 habeam
1196 4185 1336 4265 maxime

221 4289 368 4356 aarum
397 4292 579 4375 naporum
607 4290 723 4377 acqua·
736 4276 1254 4393 mmmmmjmmaoqmm
1268 4288 1334 4374 nu,
