2902 4822
769 420 818 492 16

240 616 303 678 nici
325 613 408 677 libro
430 609 498 696 περὶ
519 610 648 694 σημείων
670 608 807 694 singulis
830 607 979 673 versibus
1009 608 1225 672 adnotationis
1247 607 1350 672 fnisse

239 715 449 798 adscriptum,
473 711 561 797 qnod
583 731 623 776 eo
646 712 842 795 pertineret:
877 707 937 773 sed
958 707 1111 793 neglexit,
1146 707 1234 792 qnod
1256 706 1352 771 simul

240 838 281 882 ex
303 819 374 884 istis
396 815 688 899 subscriptionibus
710 823 801 878 certo
823 812 995 898 colligitur,
1025 811 1217 897 ponderare,
1240 803 1359 875 anctc'

240 946 307 989 rem
330 923 546 1004 scholiorum,
570 941 668 1005 quum
690 917 777 982 aliud
800 918 976 982 Aristonici
998 937 1081 1001 opus
1109 937 1175 982 non
1202 914 1350 995 laudarit,

196 1086 199 1092 .
241 1049 282 1093 ex
299 1025 370 1112 *qno
392 1035 440 1091 tot
452 1025 628 1090 Aristonici
637 1023 692 1094 ,de
714 1022 800 1088 omni
823 1041 858 1086 re
881 1020 1126 1086 ohservationes
1145 1017 1351 1098 adscivisset,

239 1130 296 1195 illo
316 1132 390 1213 ipso
422 1130 528 1195 indice
561 1129 699 1208 fontem,
735 1146 777 1190 ex
809 1143 873 1208 quo
909 1143 967 1189 sua
995 1123 1190 1204 hausisset,
1208 1119 1352 1184 indicare

150 1230 153 1236 ‘
241 1235 395 1299 voluisse.
440 1234 554 1298 Omnia
575 1233 673 1317 igitur
696 1247 908 1323 quaecunque
930 1228 963 1290 in
981 1225 1120 1290 Scholiis
1142 1225 1205 1291 illis
1217 1223 1352 1289 Venetis

241 1336 417 1401 Aristonici
439 1337 568 1399 nomine
590 1333 771 1413 traduntur,
802 1350 866 1393 non
888 1341 1027 1413 possunt
1054 1349 1121 1393 non
1143 1337 1271 1411 sumpta
1292 1345 1352 1410 pn·

240 1439 301 1503 tari
336 1458 378 1501 ex
409 1435 491 1500 libro
519 1436 575 1501 illo
608 1436 650 1499 de
682 1435 767 1498 notis
803 1432 1022 1498 Aristarchus.
1067 1433 1157 1514 Quae
1189 1433 1239 1495 rei
1269 1429 1352 1494 ratio

241 1541 374 1605 mirifice
409 1539 649 1622 subscriptione
686 1535 881 1601 scholiastae
918 1557 980 1602 nna
1016 1538 1234 1619 confirmatur,
1268 1550 1352 1618 qnae

241 1642 435 1725 rhapsodiae
466 1640 748 1704 duodevicesimae
775 1640 963 1706 subiicitur:
1003 1640 1177 1726 παράκειται
1207 1638 1245 1719 τὰ
1263 1633 1352 1722 'Apt-

243 1743 375 1808 crorixou
398 1750 505 1827 σημεῖα
526 1740 599 1826 μετὰ
622 1741 849 1826 desumpserim,
872 1744 937 1828 nbi,
961 1755 996 1809 ut
1016 1745 1141 1810 Lehrsii
1162 1741 1265 1807 verba
1280 1759 1352 1804 mea

241 1846 368 1929 faciam,
398 1865 464 1909 non
491 1864 575 1929 opus
598 1861 649 1910 est
670 1845 803 1930 fingere,
836 1867 935 1932 quum
963 1849 1109 1932 aprimo
1128 1855 1262 1911 auctore
1283 1841 1352 1906 ubi·

173 1999 177 2014 .
243 1969 307 2034 qne
328 1948 392 2013 hoc
412 1948 510 2012 modo
530 1950 684 2032 scriptum
707 1960 806 2032 esset,
830 1953 862 2014 in
884 1927 1018 2036 reliquis
1040 1962 1156 2034 postea
1177 1946 1369 2027 excidisse,

242 2054 340 2117 immo
369 2052 423 2116 ille
456 2052 510 2117 vel
540 2054 632 2136 ipsos
662 2052 803 2118 lectores
829 2058 953 2138 putavit
986 2056 1091 2119 statim
1119 2052 1352 2127 intellecturos,

243 2177 306 2221 una
329 2177 402 2221 cum
424 2159 526 2243 signis
549 2159 644 2221 etiam
677 2159 733 2243 qni
763 2160 855 2243 signa
882 2159 1080 2224 illustrarent
1103 2154 1352 2223 commentarios

242 2264 276 2326 in
296 2262 360 2326 hoc
382 2281 483 2345 opere
506 2263 650 2327 inveniri.
695 2261 754 2326 His
776 2263 855 2326 nihil
876 2265 985 2327 verius
1014 2273 1065 2327 est
1092 2262 1204 2345 reique
1226 2276 1353 2323 accom-

243 2365 413 2449 modatius,
437 2376 473 2430 ut
495 2386 558 2450 qua
581 2364 703 2429 mavult
724 2365 832 2430 locum
855 2366 1018 2450 expedire,
1048 2363 1174 2433 Lehrsii
1196 2359 1352 2443 suspicio,

243 2489 284 2532 ne
296 2467 396 2532 verba
408 2466 482 2552 μετὰ
492 2476 544 2533 τοῦ
557 2467 772 2552 ὑπομνηματίου
791 2471 1002 2533 arecentiore
1020 2487 1117 2532 manu
1135 2466 1259 2531 adiecta
1277 2450 1351 2542 sint-,-

242 2589 377 2653 prorsus
397 2571 502 2633 otiosa
520 2570 679 2633 videatur.
718 2570 802 2651 Quid
819 2570 939 2655 igitur'l
962 2571 1036 2635 Non
1056 2578 1165 2653 potest
1179 2566 1273 2631 aliter
1287 2575 1353 2630 sta·

242 2671 299 2753 tui,
319 2690 415 2753 quam
430 2680 466 2733 nt
479 2690 563 2754 quae
582 2691 624 2734 ex
635 2669 823 2736 Aristonico
842 2675 961 2736 sivein
981 2672 1120 2737 Scholiis
1132 2668 1266 2734 Venetis
1282 2667 1353 2730 sive

242 2773 327 2857 apud
351 2772 432 2836 alios
457 2774 646 2856 scriptores,
668 2775 696 2838 si
718 2775 816 2838 modo
838 2775 879 2839 ad
903 2796 957 2840 res
977 2775 1168 2839 Homericae
1192 2777 1351 2856 spectant,

241 2876 440 2957 referuntur,
470 2896 509 2939 ea
543 2897 586 2940 ex
619 2877 826 2960 amplissimis
859 2880 900 2943 de
928 2881 1014 2943 notis
1048 2876 1228 2942 Aristarchi
1260 2873 1352 2938 libris

241 2975 422 3042 Homericis
452 2982 664 3044 cummaxime
699 2981 821 3046 adscita
851 3002 934 3048 esse.
988 2981 1217 3064 Amplissimos
1253 2996 1352 3062 quum

242 3079 326 3161 dico,
362 3082 473 3145 recolo
495 3096 603 3148 mente
632 3085 785 3149 ambitum
813 3106 921 3150 rerum
954 3105 1075 3167 earum,
1109 3102 1192 3168 quae
1218 3083 1252 3144 iu
1279 3079 1352 3145 Ari·

242 3182 381 3246 sterchia
396 3188 571 3250 carminum
582 3187 829 3253 Homericorum
849 3191 925 3253 crisi
936 3199 1092 3252 tractatae
1113 3188 1243 3251 fuerunt
1255 3203 1352 3269 qnae·

243 3302 305 3366 qne
328 3285 355 3347 si
378 3295 524 3351 notarum
545 3290 817 3355 Aristarchiarum
840 3292 904 3354 vim
926 3300 960 3369 et
979 3297 1191 3374 potestatem,
1225 3286 1352 3370 qualem

242 3384 341 3448 libelli
371 3387 412 3452 de
441 3391 492 3455 his
522 3394 607 3457 notis
636 3414 723 3458 nnnc
755 3394 878 3479 vulgati
910 3394 1095 3476 ostendunt,
1127 3390 1351 3475 expendimus,

242 3491 297 3553 vix
319 3492 490 3576 quicquam
509 3495 695 3580 excludunt,
718 3498 806 3583 qnod
826 3499 867 3562 ad
884 3499 1135 3583 grammaticam,
1156 3495 1351 3580 lexilogiam,

241 3592 409 3657 ueletiam
433 3596 475 3660 ad
498 3598 660 3683 historias,
684 3599 821 3683 fabulas,
844 3599 1073 3686 geographiam
1094 3607 1237 3661 veterem
1255 3596 1352 3680 perti·

242 3698 366 3761 nuerit:
390 3700 506 3783 quibus
527 3702 725 3768 illustrandis
747 3707 776 3769 si
797 3705 1003 3769 Aristonicus
1026 3702 1067 3765 de
1088 3719 1150 3767 suo
1172 3720 1259 3784 penu
1280 3701 1352 3783 ipsc

242 3798 399 3882 quaedam
414 3803 541 3886 adiecit,
559 3804 592 3866 id
613 3824 653 3869 eo
672 3807 778 3870 minus
802 3807 996 3889 mirandum,
1021 3825 1086 3890 qno
1107 3808 1227 3870 certius
1244 3805 1352 3888 ipsum

241 3899 358 3983 insigni
392 3903 571 3968 eruditione
599 3906 791 3970 instructum
822 3907 978 3990 sciamus,
1007 3927 1070 3992 qua
1097 3907 1127 3970 si
1148 3906 1202 3970 vel
1223 3905 1266 3970 ad
1287 3905 1352 3970 dis·

242 4020 374 4065 sensnm
396 4004 437 4066 ab
469 4005 658 4072 Aristarcho
687 4010 931 4094 significandum
961 4032 1041 4076 usus
1064 4023 1125 4095 est,
1153 4011 1187 4076 id
1208 4010 1297 4096 quod
1318 4011 1352 4074 in

242 4100 326 4166 fietis
347 4103 410 4168 illis
442 4112 678 4175 commentariis
705 4110 887 4178 Homericis
909 4114 1029 4179 sactum
1056 4114 1212 4179 Lehrsius
1234 4133 1352 4178 conce·

242 4201 299 4286 dit,
328 4224 389 4269 sno
419 4225 499 4272 usus
531 4220 583 4274 est
611 4212 691 4277 iure.
744 4213 810 4279 lam
833 4237 932 4301 quum
952 4216 1041 4282 nullo
1064 4216 1161 4281 modo
1183 4235 1350 4300 cogamur,
