2902 4822
647 399 649 402 ⁴
694 454 747 532 en

164 645 216 714 διὰ
235 645 273 714 τό
292 646 397 732 ξίφος,
414 650 443 728 ⁸)
467 643 592 713 ναὶδιόι
619 645 662 713 ιδ’
679 643 787 722 όΕόνειν
812 654 872 714 τῶν
902 644 1057 734 μετιόντων
1082 645 1138 726 τὰς
1165 647 1277 737 ψυχάς,

164 748 245 818 ἀλλὰ
267 749 371 818 διὰτὸ
395 749 424 816 ἐν
445 749 547 836 χερσὶν
569 752 649 836 ἔχειν
671 753 740 829 τοὺς
761 751 958 838 βουλομένους
988 751 1026 819 τὰ
1047 753 1197 838 κεφάλαια
1217 763 1277 822 τῶν

164 864 309 940 μετρικῶν
330 852 589 941 παραγγελμάτων.
617 854 689 923 Ὅτι
711 856 745 922 δὲ
766 864 856 922 ταῦτα
878 855 975 932 οὕτως
995 858 1071 941 ἔχει,
1090 853 1278 945 Ἡλιόδωρος

162 965 218 1026 τοῦ
235 953 432 1043 Ἔγχειριδίυυ
461 954 629 1044 ἀρχόμενος
658 957 738 1025 οότιυ
769 956 866 1041 λέγει·
908 962 1000 1043 ,.Ἰοῖς
1026 958 1214 1045 βουλομένοις
1247 958 1278 1028 ἐν

164 1060 267 1147 χερσὶν
294 1064 376 1148 ἔχειν
408 1060 446 1129 τὰ
483 1060 764 1147 νλφαλαιωδέστερα
797 1069 851 1149 τῆς
882 1069 1021 1148 μετρικῆς
1051 1059 1212 1150 γέγραπται
1242 1061 1278 1130 τδ

163 1164 276 1247 βιβλίον
301 1166 419 1232 τοδτυ.“
461 1163 594 1236 Nullum
617 1168 702 1231 enim
734 1165 878 1253 dubium,
911 1169 990 1255 quin
1011 1187 1073 1253 pro
1091 1164 1281 1254 Ἡλιόδωρος

163 1270 386 1355 reponendum
408 1270 452 1335 sit
471 1266 659 1354 Ἡφαιστίων.

251 1370 293 1439 Ut
313 1373 355 1438 ad
388 1385 481 1440 notas
512 1375 584 1441 illas
612 1384 774 1459 revertar,
808 1396 907 1461 quum
934 1374 1001 1442 dixi
1022 1397 1088 1442 non
1110 1388 1175 1444 tam
1198 1381 1278 1445 anti·

165 1499 248 1566 quas
270 1500 328 1545 eas
350 1480 470 1561 luisse,
493 1500 589 1566 quam
612 1481 703 1565 ipsae
726 1501 800 1546 esse
822 1480 990 1565 simulent,
1021 1483 1122 1549 verbo
1144 1489 1277 1549 moneo·

165 1583 254 1667 dum,
276 1605 347 1649 eam
375 1585 565 1650 sententiam
590 1588 718 1650 minime
748 1606 789 1651 eo
813 1586 958 1672 infringi,
993 1589 1082 1671 quod
1111 1609 1148 1653 ea
1171 1590 1276 1676 signa,

164 1707 249 1774 quae
281 1685 323 1751 ad
353 1687 573 1774 designandos
606 1709 707 1756 sonos
735 1710 913 1776 eorumque
945 1691 1113 1756 intervalla
1145 1693 1278 1759 inventa

164 1802 259 1873 sunt,
288 1792 410 1856 novitio
443 1795 573 1883 nomine
602 1802 756 1858 notarum
787 1793 886 1859 hodie
918 1804 1052 1877 vocata,
1087 1794 1167 1861 satis
1197 1796 1277 1860 anti·

164 1915 229 1980 qun
259 1907 423 1980 tempora,
464 1897 583 1981 quibus
614 1899 777 1963 etiamtum
810 1899 880 1981 ipsa
914 1919 967 1965 ars
1000 1898 1099 1984 lyrica
1134 1901 1276 1984 floreret,

163 2001 323 2083 attingere
345 2009 594 2088 constatt‘quas
617 2015 711 2067 notas
730 2005 1015 2084 parasemanticas,
1039 2024 1136 2086 quum
1149 2003 1188 2066 ab
1205 2003 1277 2068 aliis

164 2104 357 2189 descriptas,
388 2118 456 2172 tum
487 2108 642 2192 peculiari
675 2106 784 2171 libello
818 2107 859 2171 alt
894 2107 1013 2194 Alypio
1048 2107 1233 2189 lustratas,
1247 2111 1277 2185 ο)

162 2209 352 2276 Aristoxeni
392 2222 529 2278 aetatem
563 2213 660 2297 longe
689 2231 855 2295 superare,
897 2210 969 2293 ipse
1001 2210 1142 2293 prodidit
1174 2210 1276 2279 Elem.

162 2317 264 2382 herm.
287 2338 319 2400 p.
341 2317 393 2383 39.
437 2317 486 2384 ct.
508 2318 652 2384 Boeekh.
674 2319 724 2382 De
746 2328 840 2383 metr.
862 2313 954 2378 Pind.
977 2313 1029 2396 lll,
1048 2315 1079 2379 9.
1101 2336 1134 2397 p.
1152 2314 1278 2400 424sq.
1382 2363 1386 2367 -

165 2417 210 2486 Ut
231 2423 316 2484 enim
339 2441 397 2487 eae
419 2442 491 2486 cum
513 2424 583 2508 ipsa
607 2441 711 2505 paene
733 2430 801 2489 arte
822 2416 947 2483 munina
968 2428 1072 2501 natae,
1094 2416 1139 2481 ita
1160 2415 1202 2481 ab
1223 2415 1281 2482 illo

165 2525 358 2610 signationis
380 2546 500 2614 genere
519 2540 658 2614 'prorsus
680 2524 846 2591 abludunt.

631 2665 633 2669 ’
668 2686 697 2756 s.
724 2677 777 2743 ιι.

211 2807 395 2869 nanctis
425 2803 637 2867 Platonicis
667 2809 704 2864 et
732 2805 775 2863 de
798 2766 962 2878 signcX
993 2797 1030 2858 in
1051 2800 1236 2861 dramatis

396 2912 630 2972 Graecorum
659 2908 840 2969 notandis
869 2905 1050 2965 adhibito.

255 3027 398 3096 Tertium
420 3040 471 3094 est
492 3040 640 3094 notarum
662 3047 766 3113 genus
786 3023 985 3091 Aristarchio
1011 3021 1153 3085 omnium
1181 3016 1280 3084 simil·

165 3133 278 3200 limum
310 3137 495 3220 pariterque
527 3135 718 3202 Aristarcho
749 3131 925 3215 antiquius,
956 3149 1021 3213 quo
1055 3127 1107 3192 usi
1138 3136 1215 3192 sunt
1246 3126 1280 3189 in

166 3238 360 3305 adnotandis
383 3237 526 3302 Platonis
558 3237 699 3321 seriptis,
723 3234 810 3320 apud
843 3254 940 3298 unum
971 3232 1067 3316 Diog.
1099 3231 1206 3295 Laert.
1227 3228 1280 3314 lll,

166 3343 211 3407 65
233 3362 283 3428 sq.
306 3352 606 3409 commemoratum:
638 3342 693 3426 qui
714 3339 869 3405 enarratis
892 3336 1028 3422 singulis
1050 3334 1169 3419 signis,
1198 3351 1281 3416 quae

165 3444 312 3514 Platonis
341 3448 471 3532 scriptis
499 3445 660 3529 adscripta
683 3454 804 3525 essent,
839 3440 1052 3525 expositaque
1079 3428 1281 3520 singulorum

166 3572 370 3637 quorumque
393 3553 425 3616 vi
453 3561 487 3616 et
514 3560 686 3635 potestate,
717 3546 897 3614 subiunxit:
927 3539 965 3608 τὰ
986 3539 1037 3625 μὲν
1062 3547 1170 3623 σημεῖα
1190 3544 1281 3602 ταῦτα

165 3652 276 3722 καὶτὰ
298 3655 397 3738 βιβλία
423 3661 571 3720 τοσαῦτα
595 3652 684 3738 ἅπερ,
707 3647 876 3734 Ἀντίγονός
903 3670 991 3733 φησιν
1022 3643 1038 3711 ὁ
1066 3643 1229 3728 Καρύστιος
1251 3638 1281 3705 ἐν

164 3766 212 3847 τῷ
233 3755 301 3846 περὶ
322 3758 467 3844 Ζήνωνος,
493 3754 598 3824 νεωστὶ
624 3753 785 3821 ἐκδοθέντα
812 3753 845 3819 εἴ
864 3775 906 3827 τις
938 3751 1031 3836 ἤθελε
1054 3750 1218 3844 διαγνῶναι,
1238 3748 1279 3826 ¹⁰)

165 3862 272 3950 μιοδὸν
311 3859 404 3930 ἐτέλει
443 3869 505 3938 τοῖς
540 3855 740 3946 κεκτημένοις.
794 3856 851 3923 sic
871 3867 971 3953 ¹recte
1003 3871 1089 3917 nune
1110 3848 1280 3935 vulgatur,

165 4009 454 4022 m—

217 4055 249 4118 8)
269 4053 312 4111 Cs.
331 4052 456 4124 Simplic.
475 4052 504 4104 in
521 4047 677 4121 Epictetum
695 4043 727 4098 Τ.
745 4044 790 4100 lV.
809 4061 838 4116 p.
856 4045 873 4094 δ
892 4058 933 4113 sq.
953 4039 996 4094 ed.
1015 4034 1172 4106 schweign.

219 4158 248 4228 t)
269 4154 304 4216 V.
321 4156 498 4212 Bellermann
514 4149 642 4226 Hymnen
660 4150 710 4204 des
729 4147 881 4220 Dionysius
898 4140 954 4196 und
972 4136 1156 4197 Mesomedes.

201 4259 248 4327 tot
268 4246 433 4320 Haeserunt
449 4259 478 4313 in
499 4257 555 4312 ‘hac
581 4271 651 4310 voce
677 4254 739 4308 sine
764 4266 864 4305 caussa
889 4248 997 4303 idonea.
1038 4244 1086 4322 Est
1109 4243 1184 4300 idem
1207 4241 1279 4315 quod

265 4360 445 4420 Pmere,
462 4352 494 4402 ut
509 4342 584 4418 apud
604 4335 898 4409 catenum-T.‘xv1t‚
917 4339 942 4397 t.
958 4354 987 4410 ps
1003 4320 1086 4486 δθδὲ1
1160 4362 1162 4367 -
1256 4349 1258 4351 >
