2902 4822
660 439 686 514 7

281 643 314 695 >·
339 633 365 710 ⁸)
388 631 476 715 διπλῆ
501 627 704 715 ἀπερίστικτος
733 644 761 695 >

282 730 315 828 >ξ
346 740 434 823 διπλῆ
458 737 675 825 περιεστιγμένη
718 730 753 828 >1-

178 848 185 856 ⁸
272 878 316 897 -
339 841 445 927 όβελός
467 880 509 892 -

272 979 316 1000 -
338 950 378 1030 Χ
402 945 509 1030 ὀβελὸς
531 948 604 1033 μετὰ
626 949 801 1037 ἀστερίσκοο
824 986 865 998 -—
889 953 928 1031 Χ

273 1053 314 1132 Χ
337 1048 511 1136 ἀστερίσκος
532 1048 600 1119 καθ’
624 1053 727 1120 ἑαυτόν
751 1056 791 1136 Χ

279 1172 307 1238 3
338 1153 487 1239 ἀντίσιγμα
510 1155 643 1224 ἄστικτον
669 1174 695 1242 3

279 1260 313 1322 i)-
335 1255 485 1340 ἀντίσιγμα
506 1258 736 1344 περιεστιγμένον
763 1263 786 1324 9

202 1357 239 1424 Ἥ
261 1359 312 1445 μὲν
335 1358 386 1426 οὖν
409 1357 611 1445 ἀπερίστικτος
633 1364 722 1445 διπλῆ
753 1374 786 1426 >-
816 1363 925 1426 τίθεται

211 1476 245 1527 >·
275 1462 352 1546 πρὸς
380 1462 511 1548 ἱστορίας
542 1461 592 1528 καὶ
623 1464 845 1548 σχηματίσμοος
879 1461 929 1528 καὶ
963 1461 1065 1549 ἑτέρας
1096 1463 1231 1536 ποικίλας
1260 1540 1263 1545 ¹
1360 1486 1362 1490 ·

118 1568 237 1651 χρείας,
261 1567 311 1633 καὶ
332 1566 410 1651 πρὸς
431 1566 485 1640 τὰς
507 1566 588 1642 ἅπαξ
611 1564 764 1652 εἰρημένας
786 1564 889 1647 λέξεις,
912 1566 962 1633 καὶ
986 1569 1063 1653 πρὸς
1084 1566 1120 1634 τά
1145 1567 1230 1634 ἐναν-

118 1672 164 1736 τία
185 1669 235 1737 καὶ
257 1670 411 1757 μαχόμενα
434 1681 492 1738 τῶν
515 1670 682 1759 νοημάτων·

212 1792 245 1889 ἡ
276 1796 354 1882 ἡδὲ
375 1796 596 1883 περιεστιγμένη
619 1801 707 1883 διπλῆ
745 1811 778 1863 >=
809 1794 887 1879 πρὸς
909 1793 962 1870 τὰς
991 1793 1158 1880 Ζηνοδότοο
1181 1796 1232 1863 καὶ

118 1900 270 1988 Κράτητος
291 1902 418 1987 γραφὰς,
442 1901 492 1969 καὶ
513 1902 604 1970 αὐτοῦ
622 1899 840 1989 Ἀριστάρχου·

203 2041 247 2059 -
269 2006 285 2072 ὁ
309 2007 343 2072 δὲ
366 2004 473 2089 ὀβελὸς
494 2041 538 2056 -
559 2008 637 2093 πρὸς
659 2008 696 2075 τὰ
716 2009 793 2076 νόθα
814 2006 864 2074 καὶ
886 2005 1083 2092 ἀθετοόμενα·

203 2143 247 2160 ·-
261 2113 301 2192 Χ
325 2110 341 2176 ό
365 2109 400 2175 δὲ
423 2109 496 2196 μετὰ
520 2108 628 2193 όβελοῢ
650 2106 839 2196 ἀστερίσκος,
861 2111 936 2175 ἔνθα
958 2106 1013 2176 εἰσὶ
1034 2110 1084 2193 μὲν
1107 2110 1143 2177 τά
1173 2113 1230 2195 ἔπη

117 2218 172 2275 τοῦ
192 2220 324 2296 ποιητοῦ,
347 2210 382 2278 οό
404 2216 507 2288 καλῶς
530 2213 563 2278 δὲ
585 2224 700 2295 κεῖνται,
724 2210 788 2279 ἀλλ’
812 2212 842 2278 έν
865 2214 961 2300 ἄλλῳ,
983 2216 1094 2295 -Χ,

205 2315 245 2394 Χ
270 2311 286 2378 ό
315 2310 438 2379 δὲκαθ’
470 2314 575 2380 ἑαυτὸν
592 2319 619 2397 ⁹)
650 2314 834 2400 ἀστερίσκος,
864 2317 939 2380 ἔνθα
968 2317 1071 2388 καλῶς
1104 2313 1231 2398 εἴρηνται

118 2415 155 2481 τὰ
177 2419 235 2503 έπη
259 2416 288 2484 ἐν
311 2418 394 2506 αὐτῷ
415 2428 460 2506 τῷ
480 2418 576 2504 τόπῳ,
599 2422 674 2486 ἔνθα
695 2430 802 2486 κεῖνται
826 2423 884 2502 Χ

212 2528 251 2604 2'
268 2523 303 2587 τό
325 2521 359 2588 δὲ
381 2517 451 2590 καθ’
481 2523 570 2588 έαοτὸ
595 2529 636 2602 ¹⁰)
672 2522 824 2608 ἀντίσιγμα
845 2522 923 2606 πρὸς
950 2522 1019 2597 τοὺς
1046 2521 1230 2608 ἐνηλλαγμέ-

117 2653 184 2705 νοος
208 2637 247 2713 ¹¹)
268 2630 378 2706 τόποος
400 2630 451 2697 καὶ
473 2632 513 2717 μὴ
534 2629 728 2719 σονάδοντας,
754 2648 793 2714 0.

208 2738 242 2800 ἀ·
271 2735 306 2800 τό
341 2734 376 2799 δὲ
416 2734 645 2820 περιεστιγμένον
680 2733 844 2819 ἀντίσιγμα,
879 2731 947 2799 όταν
985 2737 1147 2818 ταοτολογῇ
1182 2731 1246 2796 καλ

117 2837 168 2920 τὴν
190 2834 279 2920 σίντην
302 2834 428 2904 διάνοιαν
452 2838 586 2921 δεύτερον
608 2834 690 2922 λέγη,
717 2839 759 2902 9⁰.

201 2936 310 3007 Ἰστέον
333 2938 376 3006 ότι
399 2940 430 3006 αί
456 2936 609 3028 ῥαψῳδίαν
635 2937 770 3025 Ὁμήρου
794 2938 876 3024 παρὰ
905 2947 963 3003 τῶν
993 2942 1126 3002 παλαιῶν
1156 2937 1232 3003 κατὰ

120 3039 277 3127 σονάφειαν
308 3043 421 3128 ἡνῶντο
444 3045 497 3123 ¹²),
528 3043 669 3126 κορωνίδι
697 3039 771 3127 μόνη
803 3036 1053 3123 διαστελλόμενον,
1089 3039 1173 3105 ἄλλοι
1198 3039 1232 3104 δὲ

170 3254 199 3321 8)
217 3251 297 3308 Hanc
314 3261 405 3308 notam
426 3272 488 3309 oum
507 3255 610 3310 ceteris
629 3254 765 3321 omnihus,
790 3258 845 3308 nisi
863 3269 932 3324 quae
959 3251 1011 3306 sub
1040 3252 1121 3306 finem
1140 3254 1231 3308 cuioo-

222 3354 275 3408 quo
299 3339 407 3394 articuli
430 3346 615 3411 opponuntur,
644 3341 733 3395 omisi(
759 3337 891 3395 Siobenk.
929 3337 1100 3392 Villoisonus
1131 3339 1156 3392 si
1179 3353 1233 3391 non

224 3426 374 3481 invenisset
393 3429 421 3481 io
440 3427 552 3494 Codice,
571 3429 617 3482 vix
632 3427 789 3485 adiecisset.

170 3528 203 3587 9)
222 3525 328 3583 Viliois.
347 3527 430 3588 αὑτόν.

160 3630 206 3697 10)
225 3629 355 3688 Siebonk.
374 3632 464 3686 ἑαυτὸν.
500 3631 533 3689 V.
551 3631 657 3685 Αιιοοά.
675 3630 753 3683 Rom.
771 3645 797 3684 o.
815 3631 835 3683 Ι.

162 3733 203 3798 li)
221 3732 333 3789 Villois.
355 3733 549 3806 ίνηλλασμίνοος.
587 3730 622 3787 V.
641 3729 802 3786 Anoodoton
826 3727 906 3785 Rom.
941 3729 1036 3785 Schol.
1065 3736 1141 3784 metr.
1165 3731 1232 3786 Pin·

224 3821 289 3874 dori
309 3819 419 3893 Olymp.
446 3820 465 3874 Ι.
492 3838 518 3890 p.
543 3822 586 3881 18.
620 3817 745 3875 Boeokh.
781 3816 876 3873 Sohoi.
903 3815 1031 3886 Sophool.
1055 3815 1146 3888 Antig.
1175 3824 1232 3875 127.

225 3908 283 3959 141.
309 3906 497 3960 ·Correxoram
514 3905 579 3959 olim
598 3905 627 3958 in
645 3902 778 3960 Seebodii
797 3901 876 3958 Miso.
897 3918 936 3959 cr.
956 3900 991 3955 V.
1010 3902 1032 3960 1.
1051 3920 1076 3973 p.
1096 3905 1138 3959 84.

157 4024 259 4094 12)Ex
283 4023 350 4079 Cod.
378 4023 512 4080 Siebenk.
541 4023 664 4092 αὑδοντι,
701 4025 782 4079 cuius
808 4025 870 4079 ioco
899 4023 1072 4096 Tyohsenius
1103 4023 1235 4097 ἐγράφοντο

223 4114 354 4182 scriptum
372 4113 411 4165 ait
428 4129 460 4166 se
479 4121 650 4184 exspectare.
689 4110 798 4168 Viliois.
819 4128 853 4165 ex
872 4113 1040 4170 coniectura,
1063 4117 1093 4164 ot
1115 4109 1233 4176 videtur,

225 4197 344 4269 ἠοδοντο,
368 4200 440 4270 quod
467 4200 553 4254 nihilo
579 4203 680 4256 sanius.
724 4199 827 4254 Eadem
858 4218 912 4256 vox
939 4203 968 4253 in
985 4197 1092 4254 Aneod.
1111 4196 1233 4254 Romano

223 4286 305 4339 oliam
330 4287 357 4339 in
384 4285 498 4339 sormam
524 4295 652 4359 corrupta
677 4294 727 4342 ost.
763 4284 895 4358 Reposito
924 4285 1017 4358 ἡνοντο
1047 4285 1116 4340 nihil
1132 4286 1234 4340 verius.
