2902 4822
698 413 749 490 86

169 604 419 687 Aristophanem
432 606 638 670 ,scholiorum
661 605 814 687 lontibus,
837 603 980 669 Sundiae
1003 605 1089 669 1838
1115 625 1148 688 p.
1171 604 1215 671 to
1232 626 1283 689 sq.

169 706 343 773 κεκώλωται
365 720 465 793 reete,
500 721 534 773 ut
558 712 683 793 opinor,
715 711 899 774 correxisse
930 708 1132 790 iudicabitur,
1163 709 1284 775 iudica·

169 823 287 896 tnsqne
320 825 369 879 est
395 835 414 878 a
442 815 620 880 Fritzsohio
653 816 695 878 ad
728 814 955 896 Aristophanis
991 811 1119 878 Thesm.
1155 834 1185 896 p.
1209 811 1283 896 XV,

169 914 325 983 habemus
360 915 571 982 Heliodorum
607 921 677 982 eins
712 917 922 981 ordinationis
959 924 1135 979 auctorem.
1188 915 1284 981 Eius·

169 1019 243 1083 dem
266 1023 444 1105 argumenti
467 1022 614 1086 scholion
637 1043 679 1087 ex
700 1021 816 1085 eodem
847 1020 919 1084 cod.
944 1017 1023 1082 Ven.
1045 1019 1110 1083 iam
1131 1017 1284 1086 Villoiso·

169 1142 231 1187 nus
267 1124 306 1186 ad
340 1123 435 1189 Hom.
470 1148 501 1208 p.
535 1125 614 1190 XIX
649 1125 843 1209 protulerat,
878 1122 965 1207 quod
1002 1121 1089 1186 idem
1111 1143 1187 1187 esse
1209 1143 1284 1189 oen·

168 1246 333 1311 sommus,
363 1230 426 1293 nisi
458 1230 519 1293 sub
552 1231 647 1294 finem
679 1229 803 1294 adiecta
837 1237 948 1292 essent
978 1224 1079 1290 verba
1109 1223 1161 1290 καὶ
1182 1226 1284 1293 ἄλλων
1338 1286 1343 1295 ,

167 1336 262 1411 τινῶν,
285 1339 317 1393 et
339 1333 447 1413 priora
470 1334 697 1399 exhiberentur
726 1330 913 1397 κεκόλλισταα
941 1326 977 1392 ἐκ
1003 1337 1062 1394 τῶν
1085 1326 1281 1417 ‘iraeadem

167 1431 251 1496 lllud
274 1454 371 1517 quum
397 1439 530 1501 carmini
552 1437 752 1520 adscriptum
784 1436 837 1518 sit,
862 1433 950 1518 quod
982 1436 1015 1496 in
1043 1433 1172 1500 fabulae
1194 1435 1283 1508 elau·

168 1535 240 1600 sula
263 1548 323 1620 est,
355 1558 397 1602 ex
421 1560 485 1624 quo
509 1542 657 1605 concludi
680 1540 810 1621 liceret,
844 1540 1011 1603 metricam
1033 1539 1132 1604 totius
1155 1539 1283 1604 fabulae

168 1639 417 1723 descriptionem
437 1643 478 1706 ad
495 1644 694 1727 disciplinam
706 1641 871 1707 Heliodori
888 1643 1100 1725 compositam
1116 1659 1203 1720 esse,
1220 1638 1283 1703 hoc

169 1754 328 1829 quatenus
351 1767 463 1810 verum
486 1758 585 1829 esset,
616 1748 756 1811 sortasse
779 1745 946 1809 diiudicari
968 1754 1092 1829 posset,
1119 1743 1149 1807 si
1172 1740 1283 1807 Villoi-

159 1867 250 1912 sono
273 1848 449 1930 placuisset
483 1851 646 1933 adnotare,
682 1853 734 1915 oui
767 1849 994 1932 Aristophanis
1027 1847 1155 1912 fabulae
1187 1844 1282 1911 sollo-

168 1951 235 2015 lion
258 1961 290 2015 et
312 1953 364 2015 oui
387 1953 515 2019 fahnlae
537 1955 610 2020 loco
633 1956 815 2038 appositum
838 1955 890 2017 sit.
923 1953 1023 2037 Igitur
1040 1950 1167 2016 tametsi
1185 1969 1282 2015 unam

166 2054 320 2138 pluresne
344 2055 466 2121 Comici
498 2058 623 2124 fabulas
651 2057 847 2122 Heliodorus
881 2059 1013 2120 metrice
1036 2054 1228 2134 distinxerit,
1248 2053 1283 2118 in

166 2159 272 2223 medio
301 2160 545 2244 relinquendum
574 2173 635 2244 est,
676 2173 781 2225 tamen
814 2160 884 2225 istis
918 2155 1110 2225 testimoniis
1133 2176 1283 2241 compro·

167 2262 276 2327 batum
300 2271 361 2343 est,
395 2264 496 2328 fuisse
525 2266 587 2328 iam
610 2266 742 2349 antiquo
772 2273 919 2347 tempore
950 2265 1004 2348 qui
1027 2262 1115 2326 illum
1136 2261 1281 2325 laborem

157 2365 299 2431 -Comioo
335 2367 537 2452 aliquatenus
574 2369 832 2451 praestitissent:
878 2388 974 2451 quem
1007 2364 1204 2431 Heliodorus
1239 2383 1279 2429 an

163 2469 340 2535 absolverit
371 2473 404 2535 in
438 2470 588 2554 exemplo
620 2472 849 2554 Aristophanis
883 2470 1129 2555 distinguendo,
1164 2468 1217 2533 vel
1246 2469 1279 2533 in

167 2571 413 2638 Commentariis
446 2576 479 2636 in
513 2576 583 2639 eius
616 2574 740 2637 fabulas
782 2576 990 2658 compositis,
1033 2573 1086 2638 vel
1118 2574 1213 2638 etiam
1245 2573 1279 2636 in

166 2677 289 2760 scripto
313 2676 376 2740 alio
399 2679 561 2761 quopiam,
584 2679 742 2742 incertum
765 2688 825 2743 est.
904 2712 905 2716 =

249 2778 301 2844 De
322 2778 499 2845 Heliodoro
522 2782 586 2845 iam
609 2783 777 2866 quaerenti
804 2784 963 2849 succurrit
992 2783 1145 2847 metricus
1166 2779 1235 2862 itte,-
1259 2797 1278 2843 a

163 2885 384 2968 grammatice,
417 2895 452 2949 ut
483 2885 631 2968 arbitror,
662 2886 790 2950 minime
823 2887 984 2969 diversus,
1018 2905 1114 2971 quem
1146 2882 1278 2966 Homeri

267 3213 370 3284 scripta
394 3227 458 3265 esse
481 3228 516 3266 ex
539 3210 643 3266 Phaino
670 3219 698 3266 et
720 3211 901 3283 Symmacho,
923 3211 1021 3288 eodem
1044 3226 1159 3283 prorsus
1188 3208 1277 3275 modo,

269 3315 324 3369 qno
338 3299 411 3369 apud
429 3297 524 3354 Schol.
542 3298 611 3354 Plut.
631 3303 682 3352 ⁷20
700 3299 842 3369 leguntur:
869 3306 949 3372 σχῖνον
966 3307 1007 3352 νῦν
1025 3316 1082 3371 φησι
1100 3295 1144 3371 τὴν
1166 3294 1276 3349 σκίλλαν.

267 3383 366 3459 terret
383 3386 429 3460 γὰρ
449 3384 560 3453 βούλεται
581 3387 660 3442 πάντα
677 3386 751 3440 εἶναι·
783 3384 808 3440 ἐν
826 3383 852 3436 δὲ
870 3393 919 3445 τοῖς
942 3384 1001 3459 lehc
1025 3383 1168 3460 παράκειται
1184 3382 1211 3436 ἐκ
1228 3393 1277 3437 τῶν
1342 3416 1352 3425 -

271 3471 432 3551 Θεοφράστῳ,
458 3471 494 3525 ὅτι
523 3469 602 3549 ἕτερόν
618 3495 641 3527 τι
662 3473 678 3547 ἡ
703 3473 787 3529 σκίλλα
809 3469 850 3527 καὶ
873 3479 960 3546 σχῖνος.
999 3471 1114 3525 Scilicet
1137 3470 1278 3542 appositus

269 3558 349 3612 locus
369 3567 427 3612 erat
445 3557 625 3630 Theophrasti
649 3560 682 3614 de
701 3561 792 3626 scilla,
816 3579 831 3614 a
851 3559 1005 3614 Scholiasta
1030 3558 1164 3624 omissus3
1186 3572 1277 3628 nequa

270 3646 349 3700 aliter
376 3663 409 3699 ea
443 3646 476 3700 de
504 3662 535 3700 re
564 3646 698 3701 indicavit
721 3647 889 3702 Fritzschius
921 3647 939 3702 Ι.
964 3646 982 3701 l.
1032 3642 1123 3697 Utrum
1146 3645 1200 3698 iam
1223 3645 1278 3698 ista

268 3731 366 3786 Phaini
384 3742 412 3787 et
435 3733 594 3804 Symmachi
616 3751 650 3787 ex
672 3742 770 3804 poetae
794 3733 919 3804 exemplo
945 3749 1007 3786 enm
1032 3729 1188 3785 Hermanno
1204 3738 1276 3787 usn

267 3820 371 3888 scripta
397 3820 535 3884 dicamus,
560 3819 588 3872 id
614 3820 688 3891 qnod
708 3820 809 3874 factum
839 3836 903 3874 esse
930 3824 1063 3891 pernegat
1088 3816 1278 3872 Schneiderua

265 3904 285 3962 l.
310 3904 342 3970 l.‚
378 3922 411 3958 an
439 3923 472 3959 ex
497 3907 713 3972 commentariis,
749 3906 802 3960 hoc
834 3906 862 3959 in
892 3905 982 3958 medio
1012 3904 1147 3974 relinquo.
1187 3902 1278 3959 Possit

267 3992 376 4063 quidem
401 3992 468 4045 illud
489 3991 690 4068 παραγέγραπται
715 3992 748 4045 de
776 3990 929 4048 adiectione
952 3990 1183 4062 paragraphornm
1211 4006 1276 4044 nnn·

264 4094 345 4133 nemo
368 4077 470 4132 dictum
488 4088 599 4149 putare:
618 4092 673 4133 tum
691 4095 758 4133 vero
776 4076 832 4144 ὑπὸ,
852 4094 905 4131 non
923 4077 958 4144 ἐκ,
983 4074 1159 4131 scribendum
1178 4075 1276 4142 luerat,

263 4172 294 4218 nt
319 4165 453 4230 omittam,
480 4165 558 4220 verbi
583 4164 785 4241 παραγράφεσθαι
811 4181 842 4218 ea
861 4170 997 4234 potestate
1020 4161 1095 4216 aliud
1120 4163 1276 4238 exemplum

266 4250 430 4307 desiderari.
