2902 4822
693 438 744 511 24

249 624 406 691 Omnibus
433 629 507 711 iam,
538 647 751 714 quaewnque
783 637 911 693 exstant
944 630 1087 714 notitiae,
1124 650 1273 716 quaeque

163 728 375 795 coniectando
397 735 529 817 assequi
551 732 653 816 hcnit,
676 735 708 797 in
730 752 830 797 unum
858 733 987 815 iunctis,
1011 743 1146 818 apparet
1167 735 1273 799 multi-

162 828 255 911 plicis
288 841 318 895 et
341 835 566 900 reconditioris
590 822 756 900 doctrinae
787 835 946 898 hominem
981 836 1085 900 fuisse
1113 836 1274 901 Aristoni-

164 953 248 1016 cum,
272 938 365 1002 cuius
395 949 502 1003 tamen
531 941 636 1005 studia
669 942 702 1004 in
726 937 926 1023 colligendis,
957 938 1153 1026 digerendis,
1177 941 1274 1005 etiam

164 1043 364 1127 corrigendis
386 1046 439 1110 vel
468 1048 669 1111 stabiliendis
702 1045 837 1110 aliorum
867 1042 994 1125 placitis
1022 1045 1132 1126 potius
1154 1048 1274 1109 consti·

165 1145 290 1227 iissent,
313 1166 411 1229 quam
438 1158 474 1211 ut
495 1149 598 1212 Marte
628 1168 689 1213 suo
712 1147 978 1230 aliquamcuuquc
1001 1147 1032 1207 in
1065 1145 1132 1210 ullo
1153 1145 1275 1212 littera·
1358 1177 1360 1182 ’

166 1269 235 1311 rum
258 1270 378 1333 genere
400 1251 601 1335 disciplinam
636 1251 843 1316 condidisset.
887 1246 978 1311 Haec
1006 1249 1035 1310 si
1056 1249 1101 1338 ita
1122 1260 1208 1332 sunt,
1239 1259 1275 1313 ut

165 1351 289 1433 opinor,
312 1372 377 1417 non
398 1353 527 1418 videtur
548 1357 617 1418 veri
639 1354 742 1418 simile
773 1372 859 1434 csse,
889 1351 985 1415 talem
1007 1351 1112 1413 virum
1134 1359 1275 1416 sectato-

165 1474 219 1516 res
252 1453 315 1517 sihi
349 1456 496 1522 addictos
524 1477 732 1540 comparasse
765 1457 973 1539 scholasque,
1008 1455 1062 1518 cui
1088 1454 1160 1536 ipsc
1182 1474 1276 1537 prae-

164 1559 289 1641 fuisset,
313 1570 479 1625 auctorem
496 1563 678 1626 exstitisse:
700 1560 734 1623 id
746 1560 833 1644 quod
845 1557 1048 1622 Muetzellius
1066 1556 1137 1622 Em.
1149 1556 1273 1642 Theog.

165 1682 196 1742 p.
220 1660 284 1722 288
305 1671 471 1745 statuerat,
494 1665 650 1726 refutatus
674 1684 693 1726 a
714 1663 851 1726 Lehrsio
873 1661 1028 1725 Zeitschr.
1052 1661 1073 1726 f.
1093 1659 1122 1722 d.
1137 1660 1276 1726 Alterth.

167 1764 251 1826 1835
269 1762 332 1827 No.
345 1765 396 1829 56.
419 1788 450 1850 p.
463 1767 536 1830 453.
570 1765 687 1850 Neque
710 1765 810 1830 ullum
828 1765 985 1830 eiusmodi
1002 1763 1133 1828 scholae
1147 1764 1188 1828 ab
1201 1764 1276 1830 Ari-

166 1871 292 1933 stonico
316 1871 474 1952 conditae,
506 1892 602 1955 quam
624 1873 686 1935 sibi
720 1873 810 1936 linxit
840 1869 1043 1943 Muetzelhus
1072 1867 1210 1952 amplam
1243 1879 1277 1935 et

166 1970 371 2055 locupletem,
394 1974 480 2056 apud
504 1976 631 2038 veteres
653 1974 805 2039 indicium
828 1984 952 2039 eertum
974 1981 1093 2038 exstat.

680 2244 707 2309 S.
731 2236 762 2297 4.

348 2384 593 2485 Deliiogene
623 2411 822 2481 cyziceno
844 2410 1099 2482 grammatico.

255 2608 391 2675 Suidas=
426 2609 574 2695 Διογένης,
599 2611 619 2696 ἢ
642 2610 832 2695 Διογενιανός,
860 2610 1033 2696 Κυζικηνός,
1063 2609 1279 2697 γραμματικός·

90 2740 95 2744 ·
169 2713 284 2796 ἔγραψε
304 2711 412 2799 πάτρια
434 2717 573 2797 Κυζίκου,
596 2714 663 2801 περὶ
689 2723 748 2782 τῶν
772 2714 801 2780 ἐν
824 2724 883 2790 τοῖς
905 2716 1027 2798 βιβλίοις
1049 2717 1189 2800 σημείων,
1211 2713 1280 2801 περὶ

169 2824 332 2901 ποιητικῆς,
347 2816 415 2903 περὶ
430 2821 592 2902 στοιχείων.
632 2820 716 2903 Quid
731 2819 865 2883 Suidam
886 2819 1059 2903 impulerit,
1075 2829 1111 2883 ut
1124 2820 1164 2883 de
1178 2820 1280 2884 homi·

170 2924 219 2983 nis
240 2924 367 2985 nomine
381 2923 552 3006 dubitaret,
573 2927 771 3009 ignoramus,
791 2926 853 2988 nisi
867 2935 981 3006 putare
998 2925 1047 2987 fas
1063 2933 1124 3006 est,
1145 2932 1281 3006 propter

171 3039 362 3107 perpetuam
377 3029 545 3111 utriusque
562 3030 698 3092 nominis
719 3028 857 3091 inlibris
878 3027 1008 3110 scriptis
1025 3029 1119 3090 ctiam
1140 3027 1280 3109 antiquis

171 3129 394 3192 confusionem
418 3149 458 3192 ex
481 3132 713 3212 compendiosa
736 3131 896 3212 scriptura
919 3138 1032 3212 ortam,
1060 3128 1215 3210 fontibus,
1239 3145 1282 3190 ex

173 3230 291 3311 quihus
311 3232 471 3314 hauriret,
493 3232 633 3296 diffisum
651 3253 719 3295 rem
739 3253 812 3296 eum
831 3234 863 3295 in
876 3233 988 3296 medio
1011 3233 1193 3314 relinquere
1215 3248 1282 3292 ma·

170 3331 281 3397 luisse.
316 3331 398 3396 Tum
421 3355 499 3399 vero
522 3337 584 3399 nisi
608 3337 785 3418 ipsc'quae
811 3334 964 3398 aliorsum
990 3342 1175 3416 spectarent
1205 3350 1282 3395 con·

174 3434 298 3499 fudisse
315 3438 476 3519 putandus
496 3449 557 3520 est,
579 3437 664 3522 quod
682 3447 718 3500 ut
735 3436 904 3501 credamus
922 3436 1000 3501 nihil
1017 3435 1112 3499 video
1132 3452 1280 3514 caussae,

172 3561 236 3604 non
261 3552 368 3624 potest
391 3542 431 3605 oh
462 3540 616 3625 Stephani
653 3541 732 3627 Byn
763 3543 997 3622 auctoritatem,
1034 3541 1154 3622 quippe
1178 3538 1281 3600 libros
1329 3594 1333 3603 .

174 3645 214 3708 de
238 3644 358 3730 Cyzico
383 3648 540 3734 Diogenis
562 3649 691 3711 nomine
714 3657 901 3711 constanter
924 3645 1062 3724 citantis,
1086 3653 1157 3706 utra
1180 3643 1282 3705 nomi·

175 3751 224 3811 nis
248 3752 348 3813 forma
373 3771 433 3833 pro
455 3753 593 3835 genuina
616 3751 762 3814 habenda
785 3750 836 3830 sit,
861 3747 1008 3810 dubitari.
1052 3744 1168 3829 Neque
1190 3742 1283 3807 intel·

172 3851 239 3936 ligo
263 3853 341 3934 quid
363 3872 446 3934 opus
469 3854 521 3935 sit,
546 3862 581 3914 ut
604 3871 687 3934 quae
710 3851 780 3912 cius
802 3849 973 3911 laudantur
995 3868 1013 3910 a
1035 3844 1135 3909 Suida
1163 3847 1284 3927 scripta

175 3954 381 4035 grammatica
401 3953 602 4039 Bernhardyi
626 3953 666 4015 de
688 3953 875 4015 coniectura
897 3951 938 4014 ad
951 3951 1187 4034 Diogeniauum
1197 3947 1283 4011 Pon·

172 4054 270 4115 ticum
306 4053 428 4117 referre
462 4056 624 4138 malimus,
676 4073 773 4136 quum
806 4051 1043 4135 professionem
1084 4046 1284 4134 grammatici

175 4157 352 4241 Diogenem
383 4157 520 4241 aliquem
545 4159 732 4223 exercuisse
761 4157 824 4219 iam
852 4157 884 4216 in
907 4165 1073 4237 comperto
1096 4153 1282 4218 habeamus.

173 4261 257 4326 Nolo
281 4282 461 4346 provocare
495 4263 536 4326 ad
559 4265 759 4345 frequentem
783 4259 939 4346 Diogenis
966 4256 1166 4342 grammatici
1194 4274 1284 4319 men·
