2902 4822
627 434 707 513 285

111 643 205 687 usum
235 642 321 703 esse,
353 625 397 689 ita
419 626 514 689 etiam
542 626 638 692 bodie
654 629 716 693 uix
745 629 916 714 quisquam
944 631 1136 715 reperiatur,
1168 633 1224 718 qui
1279 712 1282 719 Ι

110 727 162 792 vel
175 729 245 792 eius
262 727 421 794 idiomatis
439 730 551 795 formis
570 741 697 797 vetusta
711 731 847 797 Homeri
861 734 1057 819 exemplaria
1073 735 1225 803 distincta

109 833 211 898 luisse
234 842 345 918 neget3
369 833 466 897 immo
489 854 583 899 nemo
605 837 667 899 erit
689 838 743 921 qui
766 857 839 902 non·
858 840 1026 903 verissima
1050 859 1126 905 esse
1148 859 1224 905 con.-

111 937 215 1021 cedat,
237 958 319 1023 qnae
342 937 469 1003 Abrens
492 936 542 1003 De
565 938 636 1019 dial.
660 940 752 1007 Aeol.
772 963 803 1025 p.
822 943 865 1007 32
882 944 933 1009 bis
952 943 1061 1008 verbis
1085 963 1225 1027 pronun-

111 1044 216 1107 tiavit:
241 1063 344 1127 „quas
365 1061 464 1107 voces
482 1043 567 1126 apud
590 1044 710 1109 Aeoles
727 1047 830 1131 magis
847 1048 994 1113 minusve
1010 1048 1109 1113 certis
1129 1068 1226 1134 argu·

111 1148 225 1211 mentis
240 1146 426 1232 intelligitur
444 1147 602 1234 digamma
621 1148 707 1232 apud
719 1149 857 1222 Lesbios
874 1151 1027 1217 babuisse
1039 1199 1047 1215 .
1061 1198 1089 1215 ..
1111 1152 1225 1217 eadem

111 1268 223 1315 omnes
246 1250 331 1334 apud
349 1248 526 1315 Homerum
545 1253 724 1317 certissima
743 1253 894 1339 digammi
911 1256 1026 1322 indicia
1038 1257 1168 1341 babent,
1190 1266 1227 1322 ut

111 1375 152 1419 ex
175 1354 395 1441 antiquissima
413 1354 612 1421 Graecorum
630 1356 739 1443 lingua
760 1358 847 1425 hunc
866 1379 982 1424 sonum
998 1361 1084 1445 apud
1102 1360 1226 1426 Aeoles

111 1467 273 1522 servatum
293 1478 367 1523 esse
388 1471 525 1544 puteana
573 1460 749 1544 lmpetrare
771 1482 789 1527 a
813 1483 864 1529 me
885 1483 950 1529 non
972 1484 1126 1548 possum,
1150 1466 1227 1549 quin

112 1582 194 1648 quae
212 1561 319 1626 multis
339 1565 430 1631 annis
456 1575 530 1629 ante
551 1566 614 1629 iarn
634 1564 832 1651 Burgessius
850 1566 893 1631 ad
911 1566 1043 1633 Davesii
1058 1568 1151 1641 Misc,
1175 1569 1226 1655 ed,

110 1666 219 1731 Kiddii
240 1688 271 1751 p.
293 1667 351 1731 181
372 1679 499 1735 notarat
517 1669 721 1735 adscribam:
753 1673 841 1735 ulam
863 1691 947 1756 quae
969 1671 1054 1739 dicta
1076 1683 1163 1758 sunt,
1186 1693 1227 1739 eo

111 1772 281 1854 pertinent,
303 1782 338 1835 ut
360 1773 542 1856 ostendant,
567 1772 732 1839 Aeolicam
754 1774 894 1861 linguam
916 1796 981 1851 non
1005 1777 1100 1843 unius
1120 1778 1227 1863 gentis

112 1875 212 1941 fuisse
234 1877 408 1961 propriam,
431 1877 491 1942 sed
512 1878 675 1962 antiquam
687 1878 858 1943 universae
870 1877 1028 1945 Graeciae
1039 1881 1227 1957 dialectum:

112 1980 227 2045 deinde
250 2002 292 2045 ex
312 1981 543 2067 progressione
565 1981 695 2067 linguae
716 1981 864 2049 Graecae
886 1994 919 2048 et
940 1984 1133 2070 cognatione
1161 1983 1229 2047 dia·

112 2083 268 2151 lectorum
292 2086 373 2169 eius,
396 2105 436 2149 ac
458 2094 603 2168 tempore
627 2106 692 2170 quo
715 2088 830 2151 vixerit
842 2086 1016 2171 Homerus,
1038 2096 1136 2171 atque
1150 2104 1228 2151 con·

112 2188 280 2253 suetudine
299 2198 477 2273 poetarum,
498 2190 694 2274 antiquitatis
706 2190 831 2257 scilieet
848 2192 1032 2272 custodum,
1051 2187 1229 2263 Humerum

112 2293 248 2358 dialecto
271 2313 353 2381 quae
375 2293 496 2357 sensim
507 2293 645 2359 Aeolica
666 2295 925 2380 nuncupabatur,
948 2316 1044 2361 usum
1066 2294 1228 2378 potuisse:

112 2397 249 2483 denique
272 2418 314 2461 ex
336 2398 527 2463 testimoniis
555 2398 658 2481 ipsius
680 2409 891 2483 poematum,
909 2419 973 2465 una
996 2419 1069 2464 cum
1091 2398 1230 2482 scripto·

112 2523 182 2585 rum
207 2512 359 2575 ¹veterum
395 2501 597 2585 auctoritate,
633 2523 748 2567 revera
775 2522 813 2569 ea
847 2504 950 2571 fuisse
986 2514 1079 2568 usum
1085 2523 1098 2587 3
1132 2512 1231 2587 atque

113 2606 195 2670 adeo
218 2606 387 2692 digamma,
411 2604 498 2691 quod
520 2616 638 2690 postea·
656 2606 828 2673 Aeolicum
850 2607 1072 2693 designabant,
1102 2607 1143 2671 ab
1165 2605 1232 2683 an

113 2711 241 2777 maricis
260 2711 391 2796 scriptis
405 2710 482 2775 olim
500 2731 565 2776 non
576 2709 749 2795 alienum.a
767 2710 928 2778 ·Nibil.bia
943 2713 1054 2777 verius
1066 2721 1099 2777 et
1110 2710 1232 2789 adrem

115 2826 257 2897 nostram
280 2816 431 2901 propius:
462 2835 545 2901 quae
574 2814 604 2881 si
626 2816 661 2891 in
680 2836 716 2879 re
738 2815 909 2903 manifesta
939 2816 1067 2881 nonnisi
1088 2815 1233 2879 breviter

114 2921 167 2985 hic
188 2920 372 3007 perstrinxi,
407 2919 570 2987 sufficient
590 2927 699 2983 tamen
723 2939 763 2985 ea
790 2918 833 2983 ad
862 2920 1055 3002 aperiendas
1077 2917 1232 3001 rationes,

116 3024 234 3109 quibus
244 3023 396 3109 Zopyrus
409 3034 590 3089 commotus
609 3023 847 3108 essepotuerit,
869 3022 1048 3101 utlliadem
1064 3020 1119 3086 vel
1137 3021 1234 3117 etiam

116 3128 299 3215 Odysseam
319 3128 468 3213 primitus
489 3128 530 3193 ad
552 3147 700 3193 normam
712 3125 1012 3205 Aeolicaedialecti
1029 3125 1233 3208 conscriptae,

115 3232 216 3298 fnisse
235 3233 459 3299 contenderet:
482 3218 556 3297 nam
566 3252 632 3307 non
643 3231 966 3313 nostrorumdemnrn
978 3242 1160 3316 temporum
1170 3228 1234 3293 ista

117 3336 264 3401 doctrina
285 3337 355 3423 suit,
378 3337 439 3403 sed
460 3338 669 3422 antiquitatis,
703 3357 776 3422 ¹qum
790 3336 927 3409 Aeolica
954 3335 1113 3405 dialectos
1142 3341 1235 3399 vetu-

116 3441 294 3509 stissimum
327 3440 444 3507 Graeci
474 3440 635 3513 sermonis
656 3440 775 3513 idioma
803 3451 837 3504 et
865 3441 974 3507 babita
1008 3451 1041 3506 et
1073 3436 1235 3523 appellate

116 3546 184 3612 luit.
229 3544 344 3611 Totam
367 3566 446 3611 vero
469 3546 552 3611 hanc
576 3544 751 3610 Homerum
779 3545 938 3610 tractandi
967 3546 1124 3610 rationem
1147 3551 1235 3605 vete·

115 3652 205 3717 ribus
217 3661 345 3735 oportet
365 3650 583 3735 displicuisse,
606 3650 636 3713 si
657 3648 734 3734 quid
751 3667 793 3712 ex
809 3649 938 3714 silentio
950 3647 1082 3713 scbolae
1094 3645 1235 3709 Alexan·

117 3754 281 3823 drinorum
313 3752 508 3823 concludere
530 3752 621 3818 licet:
657 3750 729 3837 qui,
753 3763 907 3837 quantum
929 3771 1015 3817 nunc
1037 3750 1166 3836 quidem
1193 3769 1235 3814 ex

105 3842 261 3946 'reliquiis
282 3860 463 3927 studiorum
485 3860 519 3923 in
535 3855 679 3922 Homero
701 3856 881 3940 positorum
905 3856 983 3921 sciri
1005 3864 1125 3940 potest,
1147 3853 1236 3921 Aeo·

119 3963 171 4029 lici
192 3963 324 4029 Homeri
346 3967 609 4050 potiusosores,
642 3960 721 4026 nibil
741 3957 828 4025 aliud
849 3968 985 4044 egerunt
1006 3979 1102 4046 quam
1122 3970 1160 4025 ut
1180 3959 1236 4025 ubi

118 4067 242 4152 aliquas
262 4068 437 4133 verborum
458 4068 580 4133 formas
603 4065 756 4130 Aeolicas
779 4063 1034 4148 deprehendisse
1062 4063 1125 4129 sibi
1142 4063 1236 4128 uide-

118 4182 240 4257 rentur,
257 4164 363 4259 'qnod
384 4159 539 4237 et'm'ulto
561 4169 666 4234 rarius
689 4188 787 4254 qnam
818 4169 998 4253 oportuerit
1030 4166 1150 4235 factum
1173 4177 1236 4249 est,

118 4297 174 4344 eas
196 4285 357 4363 notarent,
379 4270 772 4359 cuiusmorisffiexempla
797 4272 915 4343 efferre
936 4293 1002 4343 non
1023 4293 1120 4361 opus,
1148 4291 1237 4338 cum·
