2902 4822
497 365 500 370 ¹
631 421 710 509 311

430 616 906 703 1111111111.

225 785 279 841 De
308 782 545 856 Praxiphane
576 781 811 853 Mitylenaeo
839 780 1110 855 peripatetico.

200 1032 272 1100 Hoc
294 1033 335 1098 de
356 1030 586 1117 peripatetico,
617 1031 701 1095 inter
721 1033 950 1116 grammaticos
981 1041 1010 1108 1.
1032 1035 1084 1102 02.
1106 1055 1138 1119 p.
1162 1037 1229 1103 102

116 1145 378 1217 commemorato,
394 1129 424 1220 ¹)
454 1132 669 1218 Theophrasti
698 1133 870 1221 discipulo,
901 1158 997 1223 quern
1018 1141 1132 1224 paucis
1154 1143 1227 1209 teti·

114 1254 204 1327 gerat
232 1238 429 1306 Welckerus
457 1237 545 1304 Mus.
573 1236 675 1303 Rhen.
705 1239 797 1305 1833.
830 1261 861 1325 p.
885 1241 962 1326 158,
998 1263 1102 1329 nuper
1128 1247 1227 1313 etiam

114 1345 257 1411 Meierus
298 1343 422 1410 Comm.
456 1342 581 1407 Andoc
617 1340 677 1425 vl,
720 1345 751 1407 2.
785 1365 816 1428 p.
851 1342 946 1429 Vlll,
988 1349 1093 1413 omnia
1127 1368 1232 1425 occu,

115 1471 212 1534 passe
241 1448 405 1514 Prellerus
436 1445 558 1513 Corum.
588 1445 639 1511 De
667 1445 869 1532 Praxiphane
897 1448 1113 1535 Peripatetico
1143 1454 1227 1521 inter

115 1555 355 1640 antiquissimos
385 1551 612 1638 grammaticos
650 1551 749 1616 nobili
756 1600 767 1635 ,
799 1551 935 1636 Dorpati
974 1556 1066 1621 1842.
1109 1558 1226 1630 dicitur

114 1659 146 1722 in
173 1657 328 1724 Zeitschr.
357 1660 378 1725 f.
410 1656 440 1720 d.
469 1654 606 1720 Alterth.
639 1655 732 1721 1843.
761 1677 792 1740 p.
819 1657 896 1725 303.
928 1658 1032 1741 Quem
1066 1660 1225 1748 libellum,

114 1763 231 1827 srust'ra
266 1763 486 1849 quaesituma
520 1759 643 1824 Batavo
667 1759 775 1843 docto,
812 1762 866 1846 qui
887 1760 972 1827 idem
1003 1777 1226 1852 argumentum

114 1868 274 1951 tractavit,
305 1865 403 1930 Elink
434 1864 543 1949 Sterh,
576 1866 611 1927 in
644 1861 788 1951 Symbol.
821 1863 939 1933 literar.
976 1867 1099 1936 doctor.
1134 1893 1226 1959 gym-

115 1993 183 2037 nas.
214 1971 410 2036 Batavorum
441 1971 520 2050 fasc.
553 1965 620 2033 Vll.
654 1990 686 2054 p.
712 1969 762 2051 13,
794 1989 893 2053 quum
915 1971 1044 2038 tandem
1065 1975 1226 2061 inspicere

114 2078 191 2141 mihi
213 2075 350 2159 licuerit,
375 2094 414 2138 eo
438 2074 577 2160 cognovi
600 2074 704 2137 omnia
726 2074 770 2137 113
793 2074 949 2143 exhausta
973 2099 1059 2163 esse,
1080 2089 1115 2145 ut
1138 2079 1226 2166 quod

114 2180 327 2245 lucubrationi
350 2178 557 2244 eruditissimi
577 2177 637 2242 viri
655 2176 748 2242 adiici
767 2189 880 2263 posset
904 2181 980 2247 nihil
1001 2183 1144 2251 viderem
1165 2183 1227 2250 nisi

115 2285 222 2349 locum
242 2305 338 2349 unum
360 2282 442 2348 levis
471 2282 601 2368 quidem
624 2283 793 2366 momenti,
816 2303 877 2349 nec
902 2295 1009 2352 tamen
1030 2286 1064 2353 iu
1085 2288 1147 2355 hac
1169 2308 1227 2354 no·

116 2390 411 2475 titiarum‘penuria
434 2387 661 2471 spernendum,
690 2386 723 2452 in
746 2389 840 2452 Arati
865 2391 932 2455 vita
959 2390 1071 2457 Latine
1093 2393 1226 2478 scripta,

117 2493 297 2560 Germanici
321 2495 504 2560 Aratiorum
528 2492 659 2559 editioni
679 2492 827 2578 principi,
850 2515 933 2579 quae
946 2493 1091 2561 Venetiis
1108 2497 1228 2582 prodiit

117 2621 145 2665 3.
171 2600 264 2683 1488,
287 2601 419 2683 inserta,
443 2614 463 2663 a
484 2596 759 2683 subsequentibus
781 2597 960 2666 editoribus
981 2601 1146 2688 neglecta,
1170 2623 1227 2667 nu·

116 2728 175 2790 per
196 2724 276 2770 vero
311 2705 345 2769 111
373 2703 478 2769 lucem
507 2715 658 2768 revocata
693 2704 846 2770 laudabili
874 2707 1031 2772 industria
1060 2706 1228 2794 Suringari

115 2809 166 2874 De
188 2808 427 2894 mythographo
449 2809 679 2891 astronomico,
703 2810 757 2895 qui
781 2809 878 2896 vulgo
902 2809 1017 2876 dicitur
1035 2811 1228 2877 scholiastes

118 2913 312 2995 Germanici,
334 2913 484 3000 Lugduni
508 2914 697 3000 1812119.
743 2913 833 2998 Quae
857 2915 987 3000 quidem
1015 2913 1106 3000 Vita,
1140 2914 1230 3001 quod

117 3022 223 3086 nimus
246 3031 398 3104 corrupta
421 3031 520 3104 esset,
543 3030 578 3086 ut
600 3020 719 3086 iudicat
736 3016 945 3104 Suringarus,
971 3004 1093 3104 spreta,
1114 3018 1229 3085 Latine

117 3126 202 3190 faeta
224 3135 274 3189 est
296 3136 407 3208 aperte
430 3145 471 3191 ex
494 3122 567 3189 Vita
590 3123 681 3190 Arati
704 3123 879 3208 superstite
902 3121 1038 3202 Graeca,
1069 3143 1164 3208 quam
1187 3142 1230 3188 ex

115 3228 256 3293 Ernestii
279 3228 476 3295 Callimacho
506 3227 544 3293 'h
567 3231 591 3295 l.
622 3250 656 3313 p.
678 3229 744 3293 590
776 3227 821 3308 (v.
843 3225 1025 3293 Ruhnkenii
1051 3225 1155 3314 Epist.
1186 3225 1229 3293 ad

117 3331 245 3400 Ernest.
269 3333 318 3398 ed.
342 3332 505 3399 Tittmann
537 3354 571 3416 p.
594 3331 671 3413 106)
693 3331 820 3413 repetiit
840 3328 1062 3398 Blomfieldius
1092 3333 1134 3398 ad
1156 3330 1229 3397 Cal-

117 3436 181 3502 lim.
205 3458 237 3521 p.
258 3437 333 3520 330,
357 3437 416 3501 sed
439 3457 480 3502 ex
501 3435 678 3521 integriore
701 3435 771 3500 eius
794 3434 953 3521 exemplo,
978 3436 1065 3521 quod
1088 3434 1230 3502 ostendit

117 3541 145 3604 is
168 3541 239 3624 ipse
262 3541 372 3626 locus,
407 3542 462 3627 qui
495 3541 536 3607 ad
557 3538 792 3624 Praxiphanem
818 3549 954 3624 spectat.
998 3538 1125 3607 Etenim
1154 3539 1228 3605 loco

118 3642 317 3710 Graecorum
351 3645 541 3711 verborum:
571 3637 740 3730 Ἐκέχρητο
769 3641 803 3709 δὲ
836 3641 1012 3729 ὁἈρατος
1042 3642 1155 3730 Ζήνωνι
1185 3644 1230 3731 τῷ

119 3748 244 3837 Στωϊκῷ
266 3747 437 3838 φιλοσόφῳ,
465 3748 517 3817 καὶ
537 3744 696 3834 γέγραπται
723 3745 806 3836 αὐτῷ
838 3745 977 3833 ἐπιστολὴ
1011 3746 1088 3834 πρὸς
1118 3753 1230 3814 τοῦτον.

120 3848 270 3936 διόρθωσε
292 3853 327 3920 δὲ
349 3853 400 3922 καὶ
417 3853 468 3940 τὴν
486 3849 673 3920 Ὀδύσσειαν.
702 3848 816 3936 ἐγένετο
843 3850 879 3918 δὲ
900 3849 1021 3939 σφόδρα
1053 3847 1229 3938 πολυγράμ-

175 4110 202 4180 1)
221 4111 275 4166 lsta
293 4113 426 4170 scribenti
444 4113 479 4169 ad
497 4126 593 4168 manus
611 4109 701 4167 adhuc
718 4128 773 4167 non
791 4118 850 4167 erat
868 4111 984 4168 Prelleri
1001 4110 1130 4181 libellus,
1148 4128 1230 4185 quem

223 4212 297 4263 nnnc
316 4198 349 4253 de
366 4198 546 4273 Praxiphanis
561 4213 659 4270 opere,
678 4197 749 4255 uude
767 4196 922 4255 Scholiasta
934 4196 1082 4272 Sophoclis
1099 4198 1231 4264 hauserit,

223 4286 296 4344 idem
314 4289 444 4346 statuisse
460 4289 551 4347 laetus
568 4302 716 4360 cognosco.
