2902 4822
704 438 757 512 30

174 626 294 692 starchi
327 625 400 708 dici,
436 636 533 710 atque
565 626 723 692 adversus
758 627 895 691 eundem
931 628 1151 719 Zenodotum,
1186 636 1283 704 docet

174 730 372 812 comparatio
394 727 504 793 Schol.
533 729 573 793 ad
596 730 624 812 β,
647 731 723 813 837,
757 730 821 812 nbi,
853 730 934 795 Asio
963 732 1159 822 homonyme
1187 760 1283 807 occa·

173 833 298 896 sionem
329 831 516 914 praebente,
553 841 739 895 narrantur:
775 830 945 915 ἐσημειαῦτο
974 834 1009 899 δὲ
1038 833 1283 929 ὁἈρίσταμχος

171 932 225 1009 τὰς
248 931 416 1018 ὁμωνυμίας
438 931 515 1017 πρὸς
536 931 573 998 τὰ
595 932 810 1018 Πυλαιμὲνους;
834 956 873 1000 ac
895 936 980 1002 dicta
1001 939 1056 1004 illa
1078 963 1154 1009 esse
1164 949 1283 1012 iterum

172 1039 330 1104 adversus
352 1037 564 1118 Zenodotum,
588 1039 708 1121 quippe
731 1041 785 1123 qui
815 1059 914 1123 quum
943 1041 1025 1107 tales
1056 1044 1282 1134 homonymias
1311 1036 1315 1043 ⁶

171 1142 257 1206 ferre
280 1142 431 1222 nesciret,
454 1161 539 1205 nunc
561 1138 752 1224 Πυλαιμένεα,
774 1163 860 1207 nunc
881 1141 1063 1227 Κυλαιμὲνεα
1081 1151 1281 1235 scripsisset,

172 1245 290 1309 docent
302 1265 383 1328 quae
396 1244 550 1308 aliorsum
562 1244 676 1307 referri
690 1265 754 1309 non
766 1256 904 1328 possunt
916 1247 1017 1312 verba
1032 1248 1166 1333 πμὸςτὸν
1181 1249 1281 1318 aeide.

171 1346 263 1429 Quae
295 1367 375 1411 vero
402 1347 456 1410 hic
489 1346 529 1410 de
559 1346 688 1411 illorum
722 1350 886 1412 nominum
914 1352 1076 1434 scriptura
1108 1374 1150 1417 ex
1172 1366 1281 1420 mente

170 1453 328 1518 Zenodoti
360 1450 560 1533 referuntur,
596 1471 635 1513 ea
662 1470 728 1514 non
750 1454 911 1534 pertinent
940 1452 981 1517 ad
1005 1467 1191 1522 contextum
1209 1458 1280 1524 Ho-

171 1557 261 1638 meri,
295 1555 387 1618 euius
410 1555 442 1615 in
465 1552 660 1617 carminibus
688 1554 835 1631 istorum,
864 1542 1018 1639 qnantum
1050 1559 1161 1643 sciam,
1191 1560 1279 1625 nulla

170 1661 288 1725 mentio
324 1657 373 1719 fit:
408 1655 467 1719 sed
496 1654 658 1739 putandus
686 1665 738 1719 est
758 1657 968 1724 Aristarchus
1000 1670 1172 1742 spectasse
1194 1680 1280 1746 qnae

169 1767 202 1828 in
224 1763 308 1827 notis
336 1780 354 1823 a
376 1757 545 1823 Zenodoto
567 1758 662 1822 allata
689 1759 827 1841 fuerant,
861 1762 926 1844 qui,
954 1763 1159 1827 occasionem
1188 1763 1277 1828 lliad.

169 1869 198 1948 β,
221 1866 285 1929 649
306 1861 552 1927 Lacedaemonii
574 1859 789 1945 PylaemeniS,
804 1865 832 1942 λ,
847 1863 911 1926 692
924 1874 956 1926 et
968 1863 1129 1950 Odyssl,
1146 1867 1211 1930 286
1227 1887 1280 1952 sq.

168 1968 303 2032 Nelidae
315 1964 446 2028 alterius
459 1965 646 2028 memoriam
658 1965 835 2028 suscitandi
846 1967 1086 2054 praebentibus,
1103 1968 1144 2032 ad
1156 1969 1279 2034 discer-

95 2046 108 2063 ’
168 2071 309 2136 nendum
330 2077 502 2151 utrumque
524 2087 623 2131 unum
644 2066 882 2154 Pylaemenem,
905 2069 1040 2134 alterum
1055 2070 1279 2156 Clslaernenem

167 2192 306 2240 vocasse
328 2169 569 2234 existimabitur.
602 2169 668 2234 lam
689 2190 769 2234 vero
792 2170 880 2255 quod
900 2172 1122 2257 Aristarchus,
1144 2173 1198 2238 nbi
1214 2175 1279 2258 ipsi

168 2298 242 2342 cunr
252 2272 420 2339 Zenodoto
443 2271 603 2358 agendum
626 2285 686 2356 est,
710 2276 804 2338 etiam
827 2273 914 2356 dipla
935 2295 1000 2338 non
1021 2285 1173 2359 punctata
1195 2296 1277 2344 usus
1316 2343 1318 2349 ,

167 2400 242 2444 esse
274 2376 419 2457 traditur,
453 2375 485 2438 id
518 2395 603 2460 quae
635 2397 735 2461 supra
767 2379 809 2441 de
844 2376 929 2461 dipla
958 2388 1110 2461 punctata
1132 2379 1173 2443 ab
1194 2380 1276 2444 Ari-
1324 2403 1327 2407 ·

167 2483 296 2549 starcho
325 2481 358 2542 in
380 2478 581 2541 Zenodotum
616 2491 770 2563 usurpata
799 2480 912 2562 attuli,
947 2483 1076 2545 minime
1103 2481 1275 2566 subvertit,

167 2580 427 2670 quandoquidem
449 2579 504 2642 illa
525 2584 647 2646 notatio
669 2602 733 2646 non
756 2593 820 2645 tam
842 2583 882 2646 ad
897 2583 1055 2649 Zenodoti
1078 2584 1279 2651 offensiones

166 2709 263 2774 quam
275 2685 316 2749 ad
335 2685 570 2767 homonymias,
591 2684 707 2767 quibus
725 2684 912 2750 Zenodotus
930 2687 1093 2752 offendere
1112 2697 1275 2772 potuerat,

166 2791 361 2877 pertinuisse
383 2787 519 2850 videtur.
571 2785 619 2850 Cf.
642 2785 755 2851 Schol.
777 2788 818 2851 A.
842 2811 870 2869 α,
893 2789 967 2854 515.

251 2892 440 2976 Sequuntur
461 2890 603 2955 rationes
626 2888 799 2974 ἀθετήαεως
820 2893 939 2971 variae,
963 2913 1046 2976 quae
1068 2912 1183 2957 rursus
1199 2913 1275 2958 cnm

164 2995 204 3058 iis
239 2993 428 3075 concinunt,
464 3013 547 3077 quae
568 2994 692 3059 Anecd.
715 2993 807 3059 Rom.
830 3013 857 3057 c.
880 2994 908 3056 ll
931 2996 971 3058 de
993 3015 1055 3060 usu
1078 2994 1164 3059 obeli
1197 2997 1274 3059 obe—

164 3099 253 3182 liqne
284 3096 401 3161 comite
430 3098 586 3161 asterisco
621 3108 821 3178 enarrantur,
857 3098 899 3160 ita
929 3111 964 3161 ut
998 3099 1094 3163 etiam
1120 3099 1204 3163 haec
1231 3099 1274 3162 ad

164 3199 387 3266 Aristarchum
409 3199 571 3280 pertinere
592 3203 702 3284 utique
726 3211 894 3282 appareat:
918 3202 1005 3286 quod
1028 3201 1175 3284 pluribus
1186 3221 1274 3266 nunc

165 3303 317 3387 persequi
345 3300 433 3366 haud
463 3320 600 3367 necesse
630 3314 689 3367 est.
734 3301 840 3366 Unum
862 3313 1001 3388 tangam,
1030 3306 1180 3389 qnoniam
1202 3324 1274 3369 cer·

163 3407 323 3470 tissimum
344 3413 404 3468 est.
449 3403 554 3485 Quum
573 3405 779 3471 dubitabatur
804 3427 823 3471 a
847 3408 967 3471 criticis
1000 3407 1181 3488 veteribus,
1198 3418 1273 3470 ntro

164 3509 333 3595 Odysseae
344 3507 418 3571 loco
436 3512 479 3589 (γ,
487 3508 526 3570 71
541 3520 573 3572 et
585 3532 604 3590 ι,
616 3510 699 3596 252)
711 3511 743 3592 ii,
756 3511 811 3594 qui
827 3511 859 3571 in
870 3510 1049 3594 fragmento
1067 3519 1274 3594 apponuntur

162 3633 279 3678 versus
308 3608 442 3684 ὧξεῐναι
469 3621 546 3691 ete,
580 3614 687 3696 aptius
710 3634 729 3676 a
751 3620 848 3696 poeta
869 3614 966 3695 positi
989 3624 1111 3696 essent,
1141 3633 1205 3698 qua
1231 3613 1273 3676 de

164 3717 352 3800 quaestione
374 3735 405 3778 v.
424 3721 451 3788 s.
471 3716 522 3795 19,
545 3736 616 3780 eam
633 3717 835 3797 sententiam,
860 3737 942 3799 quae
960 3726 1105 3781 extremo
1127 3715 1272 3814 affertur,

162 3819 343 3883 Aristarchi
366 3817 479 3898 fuisse,
510 3820 719 3901 cognoscitur
740 3838 782 3880 ex
811 3816 920 3884 Schol.
942 3818 1093 3883 Ambros.
1121 3817 1162 3881 ad
1184 3818 1272 3900 prio-

161 3940 232 3983 rem
254 3917 373 4002 Odyss.
397 3919 514 3986 locum.
557 3921 594 3984 Si
615 3922 678 3983 iam
698 3941 780 4004 quae
800 3921 993 4007 Fragmento
1015 3921 1271 4005 perscribuntur,

161 4032 198 4087 nt
220 4022 346 4106 opinor,
377 4033 464 4107 patet
487 4026 592 4089 omnia
620 4023 660 4087 ad
681 4024 858 4089 Aristarchi
893 4045 1014 4090 morem
1035 4025 1166 4089 notandi
1188 4024 1273 4088 rese·

162 4124 261 4190 reuda
294 4146 386 4208 esse,
419 4127 500 4191 haec
534 4149 632 4211 quum
663 4130 865 4212 reputaveris
898 4149 1002 4214 neque
1031 4139 1097 4193 tam
1119 4135 1271 4191 accurate

162 4249 267 4313 neque
290 4239 354 4292 tam
377 4228 503 4311 prolixe
538 4250 610 4294 cum
638 4233 710 4314 ipsa
743 4231 962 4315 exemplorum
984 4231 1175 4296 idoneorum
1196 4228 1271 4292 luce
