2902 4822
682 448 759 526 184

164 647 309 732 potuisse
331 654 500 728 putemus:
536 643 632 706 immo
655 664 753 728 quum
775 645 839 707 iam
863 652 981 726 pateat,
1002 641 1158 729 'singulis'
1172 647 1274 731 scrip·

162 764 269 817 torum
292 749 505 814 notandorum
527 748 702 833 generibus
725 749 855 812 criticos
878 757 976 830 atque
999 749 1032 810 in
1059 746 1109 812 his
1132 748 1276 815 Aristar·

164 856 260 920 chum
283 853 456 937 peculiaria
488 863 635 915 notarum
657 870 779 936 genera
810 848 1007 931 adhibuisse,
1040 852 1172 934 siguum
1197 872 1275 917 vcro

163 971 212 1040 ><,
236 958 323 1044 quod
346 979 363 1021 a
387 958 551 1021 notatione
575 955 820 1019 llomericorum
845 953 1021 1017 carminum
1044 953 1184 1019 alienum
1207 955 1275 1039 luit,

164 1064 196 1126 in
219 1061 367 1125 notandis
390 1059 565 1144 lyricorum
589 1070 621 1122 et
644 1057 891 1121 dramaticorum
915 1057 1044 1140 seriptis
1066 1058 1129 1121 iam
1150 1068 1278 1123 constet

167 1166 343 1232 adhibitum
362 1185 437 1231 esse
459 1168 505 1240 (v.
526 1171 552 1237 §-
572 1164 647 1237 21):
671 1164 825 1247 proclivis
846 1174 897 1228 est
919 1164 1115 1246 coniectura,
1137 1165 1279 1231 Aristar·

167 1270 261 1337 chum
284 1270 516 1354 propemodum
537 1268 651 1333 iisdem
671 1270 784 1354 signis,
810 1287 893 1352 quos
913 1269 945 1331 in
968 1267 1077 1353 lyricis
1103 1280 1137 1334 et
1155 1271 1280 1348 drama:

167 1375 239 1439 ticis
262 1384 463 1456 usurpasset,
488 1375 582 1436 etiam
605 1373 635 1434 in
653 1370 794 1434 notando
808 1369 948 1435 Pindaro
961 1392 1054 1435 usum
1069 1391 1154 1437 esse.
1188 1371 1279 1455 Quae

168 1480 354 1544 coniectura
377 1497 417 1541 eo
440 1479 594 1558 firmatur,
619 1476 706 1560 quod
725 1476 933 1540 Aristarchus
956 1477 1137 1541 etiamalio
1159 1496 1280 1562 genere

167 1585 345 1669 signorum,
369 1583 456 1667 quod
470 1584 503 1645 in
514 1581 625 1667 lyricis
644 1592 676 1644 et
688 1581 872 1645 dramaticis
885 1601 946 1645 usu
959 1567 1055 1664 venit,
1070 1584 1281 1666 probabiliter

167 1696 247 1752 usus
273 1699 331 1752 est.
371 1687 502 1751 Scilicet
525 1697 655 1770 praeter
682 1687 824 1750 criticam
853 1687 1061 1753 Aristarchus
1083 1688 1116 1751 iu
1139 1676 1280 1755 Pindaro

168 1792 263 1855 etiam
276 1793 450 1872 metricam,
462 1791 535 1854 licet
547 1790 630 1854 haud
644 1788 815 1853 admodum
828 1802 989 1872 accurata,
998 1790 1104 1854 indice
1113 1788 1280 1857 Boeclthio

167 1894 204 1959 Τ.
222 1895 259 1978 ll,
274 1895 300 1956 1,
315 1916 344 1977 p.
362 1894 485 1976 XXXl,
501 1895 648 1959 doctrina
661 1896 850 1976 instructus,
860 1893 1029 1977 tractavit,
1040 1914 1281 1982 nonnumquam

168 2001 322 2084 cumipse
338 2001 448 2064 critica
468 2003 681 2065 coniunctam.
706 1997 744 2062 V.
757 1996 866 2062 Schol.
885 1996 1011 2082 Olymp.
1028 1997 1064 2080 ll,
1088 1999 1160 2064 177.
1182 1998 1280 2083 ¹⁸2³·

168 2103 262 2169 Nem.
282 2103 304 2185 l,
326 2105 377 2167 34.
411 2103 475 2166 latu
490 2124 587 2188 quum
601 2104 633 2165 in
646 2103 756 2187 lyricis
777 2102 951 2166 tractandis
968 2101 1179 2186 principalem
1198 2102 1282 2169 criti-

172 2229 283 2274 corum
298 2220 441 2271 vetcrum
455 2228 585 2290 operam
597 2209 628 2270 in
649 2207 835 2271 ordinandis
850 2216 882 2270 et
896 2203 1283 2293 distribuendts'stngdtn·

170 2335 239 2378 runa
252 2314 426 2376 carminum
441 2311 584 2396 pertibus
597 2325 757 2377 versatam
777 2333 852 2377 csse
870 2314 902 2375 in
917 2323 1083 2396 comperto
1094 2313 1281 2399 habeamus,

170 2421 203 2482 in
226 2440 288 2503 qua
312 2417 536 2501 persequenda
555 2439 652 2501 supra
677 2419 877 2482 ostendimus
901 2419 1136 2504 Aristarchum,
1160 2422 1189 2486 si
1218 2442 1282 2487 non

170 2524 202 2586 in
225 2521 295 2586 aliis
318 2520 439 2606 lyricis,
463 2533 551 2584 certe
574 2521 605 2583 in
628 2520 751 2584 Alcaeo
774 2522 875 2605 signis
899 2523 1019 2587 criticis
1042 2534 1074 2586 et
1097 2524 1282 2589 nominatim

172 2623 329 2687 asterisco
360 2643 453 2686 usum
481 2643 575 2703 esse,
605 2622 777 2686 admodum
811 2624 879 2686 veri
911 2637 962 2688 est
994 2624 1115 2708 simile,
1146 2624 1282 2690 eandam

172 2728 325 2790 rationem
360 2746 432 2789 eum
466 2728 562 2790 etiam
603 2725 743 2791 Pindaro
780 2728 967 2793 inhibuisse.
1020 2731 1071 2793 Ac
1103 2748 1226 2794 revera·
1251 2730 1283 2795 in

173 2830 313 2896 Scholiis
337 2832 477 2894 metricis
501 2830 642 2914 Pindari,
667 2835 814 2916 quamvis
836 2833 949 2916 semel,
973 2834 1155 2900 Aristarchi
1172 2844 1283 2901 aucto·

173 2935 251 2999 ritas
285 2933 451 3015 laudatur,
487 2934 614 3019 Olymp.
652 2935 674 2998 Ι.
697 2958 728 3020 p.
752 2938 795 2999 20
823 2937 942 3019 Bckh.,
978 2949 1013 3001 ut
1045 2958 1109 3002 non
1140 2934 1282 3005 dubitant

173 3057 333 3119 asserere,
365 3056 447 3119 quae
470 3058 570 3121 supra
592 3039 633 3102 de
656 3040 801 3125 vestigiis
830 3039 979 3122 antiquae
1012 3026 1188 3106 notationis¹
1219 3060 1283 3106 mc·

79 3148 82 3159 '
172 3142 272 3205 tricae
295 3140 540 3206 dramaticorum
564 3145 594 3206 in
616 3142 756 3208 Scholiis
779 3144 830 3208 vel
854 3144 981 3209 novitiis
1006 3143 1149 3210 Triclinii
1171 3166 1284 3231 supcr-

174 3247 302 3311 stitilrus
325 3246 547 3311 demonstrare
579 3250 669 3314 nisus
692 3269 774 3331 sum,
809 3250 893 3313 idem
918 3251 1013 3313 etiam
1035 3251 1076 3314 de
1099 3250 1283 3318 Pindarica-

174 3369 244 3413 rum
277 3349 411 3413 odarum
442 3353 573 3415 metrica
604 3352 807 3435 expositione
836 3352 1026 3434 praesertim
1056 3372 1105 3435 ea,
1136 3374 1222 3439 quac
1242 3372 1283 3419 cx

174 3452 305 3521 Vratisl.
328 3455 368 3519 A.
391 3454 520 3538 vulgata
545 3468 605 3539 est,
629 3457 747 3520 valere.
792 3454 965 3539 Utriusque
996 3456 1171 3520 notationis
1194 3472 1284 3541 prot·

174 3577 231 3621 sus
261 3554 375 3619 eadem
411 3560 490 3620 ratio
519 3568 577 3621 est.
623 3558 788 3622 Adnotant
822 3553 946 3621 metrici
975 3556 1137 3622 Pindarici
1167 3550 1284 3645 cuique

174 3660 327 3743 strophae
340 3672 371 3724 et
386 3663 606 3746 antistrophae
624 3660 857 3746 paragraphum
873 3660 1023 3744 additam,
1047 3663 1164 3746 cuique
1178 3660 1283 3746 epodo
1299 3728 1302 3735 ,

175 3765 361 3829 coronidem
384 3785 456 3830 curn
481 3767 694 3853 paragrapho,
718 3774 901 3848 postremae
922 3763 1059 3848 denique
1073 3765 1181 3848 epodo
1200 3764 1285 3831 as'tc·

174 3871 295 3935 riscum
326 3870 542 3954 subscriptum
574 3891 658 3936 esse.
704 3870 795 3951 Quae
817 3868 1015 3933 enucleatius
1048 3868 1089 3932 ad
1117 3871 1284 3935 instituen-

176 3970 252 4036 dum
275 3972 428 4036 lectorem
452 3976 559 4038 statim
582 3973 622 4038 ad
645 3975 782 4056 primum
800 3991 928 4036 carmen
941 3969 1067 4055 Olymp.
1080 3970 1284 4037 declarantur
1351 4050 1356 4059 ι

176 4095 207 4159 p.
225 4076 283 4139 16:
312 4068 382 4140 Ἐπὶ
403 4083 446 4162 τῷ
467 4074 545 4141 τέλει
567 4073 696 4160 ἑκάστης
718 4085 848 4163 στροφῆς
869 4098 901 4140 τε
923 4073 972 4139 καὶ
994 4071 1189 4162 ἀναστροφῆς
1209 4074 1283 4163 pdrp

176 4178 374 4267 παράγραφος
397 4201 444 4249 Ἴ·
472 4184 544 4269 αὕτη
568 4181 624 4270 γάρ
648 4182 708 4249 ἐστι
729 4192 849 4266 σημεῖον
870 4189 921 4246 τοῦ
942 4178 1125 4256 alluderetur
1146 4206 1179 4249 aa
1192 4206 1283 4270 orpu-

179 4293 243 4369 φῶν
266 4282 317 4351 καὶ
339 4282 551 4372 ἀνηστροφῶν,
574 4300 606 4353 ct
627 4310 657 4372 p.
684 4290 739 4352 17:
759 4282 830 4352 Ἐπὶ
851 4292 897 4372 τῷ
917 4282 994 4352 τέλει
1016 4283 1147 4373 ἑκάστης
1164 4285 1284 4378 taratra
