2902 4822
694 460 754 538 76

172 649 312 715 nominis
325 647 485 735 Ὄλυμπος
511 661 673 736 potestate
695 656 812 738 agitur,
842 656 870 718 si
893 653 1087 718 Cleandrum
1115 675 1183 718 rem
1207 656 1279 720 teti·

169 753 262 837 gisse
290 754 419 837 scisset,
454 756 507 821 vix
536 758 763 839 praetermissa
769 779 780 840 3
814 768 941 823 tumea
971 761 1092 823 notatio
1120 761 1280 824 eiusmodi

171 857 231 921 suit
252 867 287 920 ut
310 857 350 922 de
373 858 459 942 dipia
480 860 616 944 singuiis
646 860 779 925 Homeri
812 862 892 927 locis
921 863 1070 944 apposita
1092 863 1279 927 necessario

168 960 378 1043 cogitandum
400 965 453 1046 sit,
476 963 603 1047 quoda
625 964 681 1029 tali
703 965 797 1048 birro,
821 967 946 1049 qualem
959 964 1118 1029 Cleander
1138 966 1278 1048 scripsit,

170 1063 282 1146 utique
295 1063 456 1130 abhorret.
474 1067 507 1150 ⁴)
531 1066 608 1131 Veri
620 1067 757 1132 similius
778 1078 839 1150 est,
863 1068 1001 1132 eundem
1017 1069 1177 1134 hominem
1192 1089 1278 1150 esse,

171 1185 269 1250 quem
292 1167 400 1232 laudat
421 1169 556 1235 Suidas:
579 1169 690 1253 Αἴγλη·
723 1168 831 1236 ...καὶ
852 1168 985 1236 noadiae
1008 1168 1090 1248 εἶδος
1113 1176 1208 1257 δηλοῖ,
1229 1171 1280 1238 καὶ

168 1270 285 1354 θυσίαν,
315 1269 359 1345 ὥς
388 1296 461 1356 φησι
493 1272 656 1358 Λεαγόρας.
700 1273 772 1357 Ego
801 1277 833 1336 in
869 1286 933 1338 tam
968 1277 1089 1342 incerta
1119 1279 1166 1341 rei
1195 1278 1279 1342 fama

169 1392 269 1445 unum
291 1377 357 1440 hoo
376 1376 482 1459 m'doo,
504 1389 571 1462 ‘quo
593 1378 734 1462 ignotior
754 1377 847 1442 nobis
862 1380 960 1443 homo
975 1391 1036 1464 est,
1059 1401 1099 1445 eo
1114 1382 1280 1445 remotiori

106 1504 113 1510 ·
168 1496 252 1543 aevo
286 1488 424 1543 aetatem
456 1482 526 1544 eius
555 1480 712 1545 vindicari
734 1481 863 1565 deberi,
898 1483 1028 1566 quicum
1061 1484 1139 1549 iilud
1172 1486 1279 1572 ipsum

167 1583 318 1666 coagruit
341 1583 428 1667 quod
450 1582 586 1666 diplam‚
619 1586 737 1648 iamin
759 1587 844 1649 notis
867 1585 1041 1651 Platonicis
1071 1597 1104 1651 et
1125 1598 1200 1652 ante
1220 1589 1279 1652 ob'·

167 1685 263 1767 uiam,
296 1683 441 1749 Homero·
463 1687 584 1768 primus
614 1690 809 1771 apposuisse
839 1687 972 1772 dicitur3
1011 1701 1079 1755 tum
1107 1711 1207 1755 unum
1237 1713 1278 1756 ex

166 1789 207 1852 iis
242 1790 378 1853 vetustis
412 1789 531 1854 criticis
564 1790 685 1873 fuisse,
718 1794 772 1876 qui
807 1791 987 1857 Homericis
1022 1795 1215 1859 carminibus
1244 1797 1277 1858 in

130 1938 132 1942 .
166 1891 248 1973 ipsis
269 1892 347 1956 artis
377 1893 559 1977 primordiis
591 1912 724 1980 operam
754 1916 844 1960 suam
875 1896 1050 1981 dicassent,
1066 1945 1069 1950 .
1084 1897 1125 1962 de
1159 1900 1277 1983 quibus

163 1997 248 2060 infra
268 1996 396 2063 dictum.

664 2163 775 2237 oss.
829 2135 833 2140 ’

277 2252 280 2256 .
343 2289 395 2346 De
416 2289 617 2346 Zenodoto
639 2287 806 2360 Ephesio
834 2288 1102 2360 grammatico.

254 2417 547 2487 Alexandrinorum
570 2423 862 2504 grammaticorum,
896 2423 952 2507 qui
979 2424 1177 2488 severiorem
1210 2421 1277 2507 Hoss

166 2526 319 2589 mericsm
351 2526 450 2590 crisin
485 2528 719 2608 exercuissent,
755 2526 878 2609 primus
912 2528 1053 2589 omnium
1080 2526 1276 2601 *Zenodotus'
1304 2581 1309 2596 ,
1423 2547 1425 2555 ‘

166 2625 330 2710 Ephesius
352 2629 454 2693 fuisse
477 2629 631 2694 traditur:
655 2647 720 2713 quo
742 2645 841 2693 sensu
871 2631 1057 2714 accipienda
1079 2642 1155 2696 sunt
1176 2633 1277 2697 verba

165 2729 288 2795 Suidas
318 2733 359 2797 de
389 2732 558 2798 Zenodoto
586 2733 774 2796 referentis:
820 2730 855 2806 d<
882 2730 933 2798 καὶ
963 2742 1082 2818 πρῶτος
1105 2732 1278 2820 erepturi<

91 2833 96 2843 '
165 2840 218 2898 τοῦ
237 2829 373 2920 Ὀμήρου
396 2830 518 2919 &adrem
574 2835 615 2900 V.
639 2835 783 2902 Dirntzer
804 2835 855 2902 De
883 2837 1043 2902 Zenodoti
1072 2837 1187 2902 studiis
1211 2837 1276 2901 Ho-

167 2939 296 3003 mericis
319 2960 350 3022 p.
372 2941 424 3004 43.
468 2939 624 3005 Vidimus⁴
646 2941 728 3004 enim
752 2939 780 3022 ἕ.
802 2940 854 3004 22.
885 2940 988 3004 cidem
1017 2940 1121 3003 labori
1143 2956 1276 3023 operam

166 3040 299 3106 dedisse
320 3043 509 3128 ‘Leagoram
542 3043 702 3129 quondam
731 3041 983 3128 Syracusanum,
1014 3063 1110 3127 quem
1133 3061 1275 3126 quocun·

166 3164 230 3229 que
262 3145 307 3209 do
337 3167 377 3211 so
404 3149 556 3213 statueris
583 3147 697 3239 modo,
712 3156 760 3210 et
792 3147 961 3211 Zenodoto
991 3149 1133 3230 priorem
1170 3147 1276 3210 aetate

164 3248 268 3312 fuisse
289 3259 321 3312 et
343 3270 417 3314 cum
446 3252 559 3316 schola
580 3250 798 3316 Alexandrina
833 3249 910 3313 nihil
930 3249 1084 3316 habuisse
1106 3267 1275 3314 commune

165 3351 260 3417 facile
281 3356 409 3417 mecum
432 3356 627 3420 consenties.
671 3351 706 3416 ln
730 3371 794 3436 quo
817 3370 916 3436 opere
938 3353 1025 3416 hunc
1045 3352 1224 3438 Leagoram
1247 3352 1276 3416 si

164 3455 282 3518 iamin
306 3469 472 3540 comperto
497 3458 654 3522 habemus
688 3455 774 3539 dipla
790 3474 862 3520 >non
896 3465 1046 3538 punctata
1068 3475 1164 3520 usum
1186 3469 1274 3536 esse,

164 3574 206 3622 eo
227 3560 334 3624 minus
365 3563 479 3626 mirum
508 3562 611 3626 videri
643 3560 755 3643 debet,
791 3561 819 3623 si
840 3558 892 3622 vel
918 3560 1004 3623 hunc
1025 3559 1185 3640 imitatus,
1222 3555 1275 3620 vel

164 3681 287 3726 morem
311 3662 457 3747 aliorum,
482 3667 537 3749 qui
560 3665 657 3728 variis
679 3664 776 3745 notis,
804 3671 841 3724 ut
861 3661 1010 3744 vidimus,
1034 3661 1155 3743 scripta
1178 3678 1275 3743 quae·

165 3764 238 3828 darn
261 3769 464 3851 antiquorum
487 3767 719 3848 distinxissent‚
741 3775 899 3849 sequutus
915 3764 1102 3828 Zenodotus
1125 3762 1275 3827 brevitati

164 3869 298 3935 studens
322 3870 437 3935 eodem
460 3871 557 3936 modo
586 3871 683 3935 etiam
704 3869 737 3932 in
758 3865 902 3933 Homero
932 3887 992 3933 suo
1021 3875 1171 3931 versatus
1206 3879 1273 3931 est:

163 3971 197 4034 id
219 3973 306 4056 quod
327 3976 442 4038 revera
470 3975 589 4038 factum
620 3986 695 4039 esse
718 3982 877 4036 testantur
906 3991 989 4055 quae
1010 3972 1041 4032 in
1069 3967 1274 4035 Scholiorum

163 4071 278 4143 Venet.
308 4077 380 4142 cod.
409 4078 449 4143 A.
473 4079 623 4164 leguntur
651 4075 708 4143 fol.
737 4075 768 4138 8.
790 4095 841 4158 ap.
864 4074 1052 4139 Bekkerum
1085 4095 1116 4156 p.
1139 4073 1194 4158 111,
1218 4072 1273 4137 ubi

213 4281 247 4352 4)
264 4281 430 4344 manuos
446 4283 542 4340 nario
559 4297 642 4354 osen
658 4277 750 4338 laudat
766 4276 1046 4354 parysiensem.
1064 4275 1170 4359 Ansod.
1188 4290 1216 4353 p.
1232 4278 1279 4330 1⁰⁶:
1338 4245 1341 4247 ’
