2902 4822
741 440 820 533 228,

220 630 315 699 Lxx
336 643 510 720 usurpatos
532 636 594 720 fit,
618 655 682 721 qua
709 657 746 703 re
775 636 904 705 demum
937 635 1031 705 locus
1055 658 1156 723 supra
1188 643 1333 728 soriptus

218 735 325 805 luoem
347 741 476 825 aoeipit.
520 739 636 807 Isidori
665 741 766 807 verba
788 742 809 807 l.
831 739 852 805 1.
875 741 957 807 heeo
978 751 1068 811 sunt:
1106 742 1247 811 »Verum
1276 746 1333 811 uhi

218 860 279 943 per
301 846 532 913 dissonantiam
554 859 692 931 utraque
722 846 862 911 invicem
892 845 1088 931 discrepant,
1119 849 1333 935 antigraphus

217 941 261 1051 >l
282 960 315 1022 in
337 950 485 1035 utrisque
506 948 666 1017 columnis
682 948 853 1034 adpositus
871 961 951 1017 ost«
987 950 1059 1034 Qus
1077 961 1155 1017 nota
1170 954 1203 1017 in
1218 954 1333 1021 distin·

111 1110 114 1115 .
215 1058 348 1149 guendo
369 1053 572 1120 Pselmorum
603 1054 686 1118 libro
709 1057 922 1139 semetipsum
955 1074 1049 1125 usum
1077 1076 1153 1127 esse
1178 1058 1332 1129 Jsdorm

216 1185 281 1231 uno
313 1160 493 1248 profitetur.
549 1157 718 1243 Figuram,
759 1178 856 1243 quam
895 1178 970 1223 oum
1001 1156 1120 1224 lsidori
1151 1161 1331 1227 editoribus

216 1268 383 1354 expressi,
415 1282 490 1329 oum
510 1260 673 1327 Hebraico
694 1261 753 1326 litt.
776 1260 888 1345 tsade,
924 1271 1009 1327 teste
1039 1263 1209 1350 Dausquio
1237 1265 1336 1355 Orth.¹

215 1372 285 1439 Lot.
306 1369 345 1435 Τ.
368 1369 398 1432 1.
420 1386 453 1451 p.
477 1365 541 1429 168
562 1366 630 1431 fere
652 1376 896 1452 oongruentem,
918 1366 1109 1433 confirmant
1126 1368 1221 1449 'flod
1241 1368 1336 1451 Puri.-¹

214 1478 308 1545 rinus
336 1485 370 1540 et
395 1469 474 1537 Maii
504 1469 665 1534 Isidorus:
696 1483 729 1533 at
761 1472 795 1534 in
822 1470 962 1554 antiquo·
984 1469 1110 1539 Isidori²
1129 1471 1230 1559 θείς...
1246 1472 1333 1547 libro.

217 1600 288 1647 eam
308 1578 398 1665 pingi
429 1577 480 1654 ᾖ,
503 1571 636 1639 adnotat
656 1571 869 1639 Foroellinius
891 1594 928 1636 v.·
945 1573 1172 1662 entiprapbos,
1212 1575 1335 1660 Quid?

217 1683 306 1771 quod
328 1680 441 1746 Sixtns
461 1674 621 1743 Senensis
643 1673 727 1742 Bihl.
750 1689 862 1743 sancta
884 1697 916 1761 p.
938 1678 1004 1745 258
1025 1678 1160 1745 eaodem
1181 1679 1330 1765 bguam,

217 1789 279 1855 sed
312 1788 491 1863 inversam,
531 1781 586 1860 Ε,
625 1779 764 1847 exhibet.
822 1781 913 1864 Quae
946 1780 1124 1847 differentia
1156 1785 1190 1848 in
1221 1785 1331 1851 medio

215 1886 424 1976 relinquenda
446 1895 507 1949 est.
1330 1918 1333 1923 ·

303 1990 435 2078 Origeni
465 1998 633 2072 praeterea
667 1985 763 2049 etiam
793 1988 978 2053 ceraunium
1008 2010 1036 2065 a,
1061 1988 1230 2078 Deosquio
1256 1991 1278 2057 l.
1307 1991 1332 2059 l.

217 2118 249 2185 p.
273 2099 338 2162 170
358 2093 550 2175 vindicatur,
573 2109 638 2175 qua
659 2089 861 2174 auctoritate,
883 2093 1011 2176 ignoro.

303 2200 440 2269 Praetor
468 2216 507 2259 ea
540 2194 650 2278 signo,
685 2191 726 2256 de
759 2193 876 2276 quihus
907 2197 1006 2273 modo
1040 2199 1262 2283 exposuimus,
1295 2200 1330 2263 iu

218 2303 359 2373 notanda
388 2320 483 2368 soora
516 2299 678 2382 scriptura
711 2295 950 2367 ecclesiasticos
981 2300 1068 2373 abis
1085 2322 1230 2389 quoqne¹
1249 2322 1331 2385 usos

218 2430 297 2481 esso
328 2418 420 2475 tanto
452 2400 660 2471 verisimilius
695 2409 762 2482 est,
798 2415 919 2485 quanto
949 2407 1053 2492 magis
1077 2408 1119 2475 in
1151 2407 1332 2485 eorundem

218 2517 387 2602 signorum
417 2528 479 2575 usu
500 2509 593 2591 ipsos
613 2505 698 2568 inter
726 2523 764 2567 re
785 2502 981 2573 discessisse
1003 2510 1334 2597 vidimus,..quamips

219 2617 348 2704 quidem
370 2615 404 2678 in
426 2620 594 2695 oomperto
622 2609 693 2672 iam·
715 2606 884 2691 habemus,
916 2616 1084 2698 asterisoo,
1113 2615 1222 2700 obelo,
1252 2614 1338 2689 lem·.

220 2723 313 2787 nisoo
347 2728 380 2784 et
412 2714 659 2802 hypolemnisoo
689 2710 873 2796 ungerem,
906 2713 1061 2791 lemnisoo
1090 2718 1153 2783 uel.
1174 2719 1204 2785 si
1235 2720 1331 2809 mulis

222 2823 331 2908 obelo,
365 2821 526 2887 asterisoo
557 2829 591 2880 ot
619 2814 809 2901 antigrapho
837 2813 996 2887 isidorum
1027 2830 1060 2885 et
1088 2820 1222 2897 Elorum
1249 2842 1331 2891 usos

221 2949 308 2997 esse.
342 2926 451 3010 Atque
473 2922 544 2987 fieri
565 2922 681 3006 potuit,
704 2931 738 2983 nt
761 2918 923 2984 nonnullis
936 2918 1136 3007 signirtom
1152 2926 1331 2999 abslsidoro

222 3029 421 3118 Originibus,
443 3037 512 3093 tum
536 3046 554 3089 a
582 3023 676 3089 Sixto
697 3021 837 3089 Senensi
858 3024 879 3088 l.
901 3022 923 3089 Ι.
952 3044 984 3108 p.·
1006 3026 1141 3113 25‘qu.¹
1160 3033 1331 3117 enarratis,

221 3134 413 3222 praesertim
435 3132 487 3212 iis,
517 3149 601 3215 quae
623 3128 729 3191 minus
751 3125 792 3191 ad
814 3128 913 3193 crisin
935 3139 1141 3209 oontoxtoum
1162 3154 1267 3220 ¹quum
1287 3135 1332 3201 ad

225 3238 305 3303 alias
327 3236 508 3320 scripturae
530 3233 745 3317 proprietates
768 3229 821 3293 vel
843 3231 1003 3295 dictorum
1030 3235 1171 3327 rationes
1190 3239 1332 3323 pertine·

223 3352 306 3424 rent,
342 3337 446 3424 qualis
480 3346 531 3402 est
566 3358 598 3400 v.
635 3356 663 3400 o.
696 3334 934 3418 paragraphus,
956 3328 1330 3427 odobergsphresipron,

226 3445 369 3528 oomnis,
392 3443 486 3507 loeus
510 3440 603 3505 datus
624 3439 731 3503 suerit.
774 3435 842 3500 Sed
865 3439 928 3503 hon
949 3443 1102 3526 persequi
1119 3463 1141 3527 p
1161 3447 1331 3530 proposito

175 3532 177 3537 ’
224 3549 375 3615 alienum.
417 3543 522 3609 Unum
554 3543 658 3624 addo,
692 3561 775 3626 quae
809 3543 843 3605 in
872 3528 1043 3617 Aneodoto
1071 3542 1175 3627 Paris.
1193 3551 1338 3629 ¹nomine.

224 3651 384 3719 Notarum
398 3714 402 3721 ,
417 3648 609 3732 simplicium
642 3645 708 3710 sub.
737 3645 832 3709 finem
862 3646 954 3731 signe
983 3647 1184 3736 adiiciuntur,
1216 3670 1259 3737 ea
1280 3655 1331 3727 sd

223 3756 288 3823 hoo
308 3773 414 3844 genus
431 3763 579 3817 notarum
602 3749 708 3815 omnia
730 3749 892 3831 portinere
914 3750 1009 3821 ¹valde
1025 3752 1198 3836 probabile
1218 3757 1330 3839 ddori.

224 3858 334 3942 (Quare¹
355 3856 541 3936 exsoribere
563 3875 603 3921 ea
625 3852 767 3918 breviter
788 3852 902 3918 iisdem
925 3853 1240 3939 quibusafferuntur
1260 3882 1332 3943 ver-

223 3961 275 4035 bis
294 3961 425 4048 placuit.

245 4118 253 4129 ,
280 4077 359 4139 A>
380 4130 383 4137 ,
401 4065 454 4132 bis
476 4063 620 4135 dictum·

314 4173 350 4244 Θ
403 4169 528 4235 alienus
548 4186 665 4235 versus

310 4271 581 4343 premam
602 4271 699 4341 letius
746 4288 750 4343 ζ
844 4362 849 4369 Ι
