2902 4822
655 424 729 501 281

139 616 247 682 iliadis
269 640 299 699 κ,
321 619 387 682 274
404 619 437 682 iu
458 618 598 684 Scholiis
619 618 769 685 laudetur
789 620 860 686 sic:
902 617 982 686 οὕτω
1003 617 1039 685 dl
1066 615 1193 694 ἀξιοῦσιν
1213 615 1250 684 cb

140 716 461 808 ,,ΠάλλαςἈθηναίη“
482 719 614 808 γράφειν,
635 720 715 789 ἀλλὰ
733 721 893 806 ,,νιελλο’ν.“
914 723 984 800 τοὺς
996 718 1250 809 θάμεταγράψον-

138 849 191 900 τας
212 829 255 912 τῴ
277 823 407 913 ἐπιθέτῳ
430 825 726 912 ψοχογωγοομίνοος,
750 826 784 894 οὖ
799 831 843 916 τῇ
863 825 993 913 ἀληθείᾳ
1019 826 1055 893 db
1075 824 1250 911 ἀκολουθη-

140 946 202 995 οαι’
224 927 292 997 ὅθεν
314 929 366 995 καί
387 928 531 1016 Ζώπυρος
552 928 583 994 ἰν
603 929 734 1020 τετάρτῳ
745 932 876 1017 Μελητου
896 928 1022 1017 γράφει·
1046 929 1098 1014 „lv
1117 938 1156 1018 τῇ
1176 952 1250 996 νοντ-

138 1035 272 1120 τεγεροίᾳ
301 1041 354 1100 τοῦ
381 1042 503 1118 ποιητοῦ
530 1031 633 1109 θέντος
661 1035 794 1118 „nebda
817 1030 998 1121 'Adpmip“,
1030 1032 1251 1122 μπαγράφοοοί

137 1158 210 1211 τινες
231 1138 283 1204 καί
300 1161 373 1222 φασι
394 1135 539 1220 „lidum
556 1133 685 1224 Ἀθηναί
704 1139 738 1223 “,
759 1148 804 1226 τῷ
826 1137 954 1225 tuileto
977 1139 1250 1227 ψυχαγωγούμενοι,

138 1233 202 1305 ἀλλ’
226 1237 260 1305 οὔ
283 1249 320 1328 τῇ
340 1239 471 1329 ἀληθείᾳ
491 1239 731 1319 ἀκολουθοῦντες.
765 1242 816 1308 Ex
836 1245 888 1310 his
910 1245 1069 1331 siquidem
1091 1254 1198 1326 recte,
1214 1252 1250 1306 nt

138 1345 262 1429 opinor,
293 1351 422 1410 sumere
454 1346 541 1430 licet,
575 1348 750 1432 antiquitus
781 1345 891 1414 πολλὸν
919 1340 1067 1432 Ἀθηναίη
1095 1348 1248 1431 scriptum

137 1448 330 1532 exemplaria
354 1451 461 1516 Iliadis
484 1452 608 1534 tulisse,
642 1450 694 1515 vel
716 1453 948 1539 antiquissimis
970 1453 1026 1537 qui
1047 1472 1101 1517 res
1130 1450 1267 1531 Home-4

136 1542 429 1640 ricas'attigisseut
462 1555 677 1640 scriptoribus
704 1554 868 1642 Zopyrum
903 1555 1137 1641 adsignandum
1172 1573 1248 1618 csse

135 1668 233 1740 patet,
257 1659 517 1745 quandoquidem
538 1659 704 1746 Zopyrum
731 1663 794 1726 iarn
817 1662 965 1726 novimus
998 1661 1161 1745 antiquum
1182 1654 1249 1719 llo·

135 1762 215 1826 meri
248 1762 441 1846 scripturam
473 1762 513 1828 ab
545 1766 661 1830 otiosa·
681 1766 865 1831 coniectura
878 1763 1129 1846 defendentem,
1165 1777 1249 1846 quse

135 1877 241 1930 tamen
262 1867 399 1951 posthac
421 1867 565 1954 vulgaria
588 1869 696 1934 {badis
718 1870 913 1955 exemplaria
943 1867 1131 1952 occupavit:
1164 1880 1249 1949 quac
1316 1948 1319 1954 ¹

135 1971 182 2035 rei
212 1973 293 2035 ratio
320 1990 393 2036 cnm
416 1974 538 2056 notitia,
573 1980 669 2058 ηοοιο
701 1972 852 2060 Zopyrus
883 1974 924 2038 de
951 1973 1080 2057 antiqua
1109 1967 1249 2055 quadam

135 2075 234 2139 iliade
257 2075 442 2142 exhibuisse
464 2076 610 2160 traditur,
635 2077 780 2162 posthac,
803 2079 849 2142 uti
872 2097 914 2142 ex
932 2076 1088 2162 pertinaci
1110 2073 1247 2156 scripto·

134 2200 204 2244 rum
226 2178 354 2245 silentio
377 2180 571 2246 concludere
591 2180 678 2264 lieet,
701 2201 837 2265 prorsus
857 2183 989 2264 omissa,
1011 2178 1156 2264 apprime
1171 2194 1248 2241 con·

135 2284 231 2347 venit.
276 2284 367 2367 Quae
396 2285 531 2370 insuper
561 2286 602 2350 de
634 2286 698 2351 hoc
725 2285 856 2374 Zopyro
888 2288 1112 2367 innotuerunt,
1150 2282 1248 2362 (nam

136 2387 361 2453 Heracleotam
383 2389 532 2455 consulto
556 2391 683 2469 omitto)
705 2393 781 2457 nibil
803 2392 923 2456 faciunt
946 2389 987 2454 ad
1008 2385 1196 2468 Homerum,
1219 2384 1248 2447 si

135 2492 232 2556 modo
255 2492 296 2557 ad
318 2513 417 2559 nuum
440 2495 642 2579 eundemque
671 2496 868 2581 scriptorem·
885 2492 1068 2560 testimonia
1089 2509 1172 2576 quae
1193 2506 1248 2552 su·

135 2607 269 2679 persuut
290 2599 451 2681 pertinent
472 2600 589 2684 omnia,
624 2599 760 2689 collecta
781 2620 802 2665 a
822 2599 945 2664 Meiere
974 2596 1099 2662 Comm.
1120 2592 1248 2659 Amico.

136 2699 187 2766 Vl.
208 2700 295 2769 Part.
319 2702 368 2766 13.
391 2723 423 2786 p.
446 2703 503 2767 62:
531 2703 557 2786 ²)
600 2706 654 2791 qui
684 2706 713 2769 si
735 2704 899 2790 Zopyrum
931 2703 1104 2769 ostendere
1126 2696 1248 2763 studuit

134 2813 209 2870 ante
231 2808 258 2870 a.
282 2802 356 2870 Chr.
378 2807 443 2871 203
465 2808 596 2891 vixisse,
626 2809 661 2873 id
694 2809 757 2874 vel'
775 2829 817 2874 ex
843 2806 1004 2873 Anecdoti
1034 2806 1120 2888 loco,
1152 2820 1247 2887 quem

134 2910 304 2995 ignoravit,
328 2909 381 2974 vel
414 2931 455 2975 ex
485 2902 688 2978 Scholiorum
710 2913 956 2978 Homerioorum
985 2908 1096 2976 notitia
1126 2905 1248 2970 maiore

133 3012 359 3096 probabilitate
396 3014 591 3080 concludere
606 3004 758 3100 'poterat
806 3014 902 3099 Quod
936 3017 999 3080 iam
1033 3014 1074 3078 de
1108 3008 1247 3075 dialecto

133 3118 270 3183 Aeolica
302 3119 335 3182 in
357 3116 529 3184 Anecdoto
557 3116 702 3207 traditur,
736 3120 769 3185 id
796 3104 1076 3209 grammaticorum
1108 3135 1150 3183 ex
1184 3112 1248 3181 usu

132 3222 338 3287 iudicandum
370 3232 438 3306 est,
471 3225 527 3308 qui
560 3224 616 3289 ubi
648 3224 838 3310 simpliciter
869 3224 909 3290 de
943 3223 1080 3290 dialecto
1112 3218 1247 3287 Aeolica

132 3326 317 3411 loquuntur,
353 3344 418 3390 non
439 3327 536 3393 alium
558 3348 653 3415 quam
677 3328 1102 3395 AsianorumAeulensium
1124 3344 1247 3393 sermo-

133 3451 204 3495 nem
240 3428 422 3515 significare
456 3431 573 3500 solent.
617 3430 656 3496 V.
691 3432 820 3500 Abrens
849 3416 900 3500 De
929 3430 1002 3498 dial.
1018 3430 1127 3497 -Aecl
1159 3453 1191 3516 p.
1214 3428 1245 3496 5.

131 3534 223 3600 Unde
247 3533 411 3618 credibile,
440 3536 538 3600 immo
561 3547 684 3602 certum
707 3524 959 3625 videtur,'quod
981 3536 1045 3600 iam
1067 3557 1167 3620 supra
1189 3552 1248 3618 pu·

131 3642 265 3721 suimus,
288 3637 424 3725 Magnes
448 3661 546 3726 quum
568 3640 717 3728 Zopyrus
740 3644 931 3729 appelletur,
953 3640 1087 3730 intelligi
1109 3628 1247 3726 patriam

138 3785 197 3799 Q

183 3849 211 3918 t)
229 3849 341 3902 Librum
371 3847 472 3918 Zopyri
497 3846 638 3902 cuiusdam
664 3847 720 3927 sepi
746 3860 862 3922 ποταμῶν
885 3848 978 3905 laudet
1003 3844 1184 3919 Harpocratic
1217 3860 1245 3904 v.

239 3937 327 4012 Eppue.
373 3932 506 3988 Novimus
529 3951 610 4006 porro
631 3937 784 4012 Zopyrum,
808 3940 855 4010 qui
877 3938 1059 4010 Pbysignomo
1087 3934 1177 3990 dictus
1196 3941 1247 4001 est,

233 4021 358 4084 Socratis
384 4021 548 4094 aequalem,¹
574 4023 608 4079 dc
630 4041 685 4097 quo
708 4042 736 4080 v.
763 4024 850 4082 Orell.
878 4024 913 4079 sd
942 4022 1091 4080 Alexandr.
1123 4020 1245 4093 Aphrod.

234 4108 268 4163 de
286 4109 342 4162 sato
359 4112 385 4164 d.
403 4127 429 4181 p.
449 4112 509 4178 ²⁷!-
543 4109 681 4166 Diversus
697 4128 794 4167 rursus
818 4111 943 4167 medicus
960 4109 1171 4175 Alexandrinus,
1189 4123 1244 4180 quo

234 4197 363 4266 magistro
379 4212 459 4253 usum
478 4213 510 4252 se
528 4214 592 4252 esse
609 4197 752 4268 profitetur
770 4198 932 4275 Apollonius
946 4196 1078 4259 Citiensis
1091 4197 1195 4256 Comm-
1215 4195 1243 4252 iu

231 4281 362 4362 Hippocr.
380 4298 408 4362 p.
426 4289 451 4343 ν,
469 4284 515 4344 ed.
534 4282 621 4346 urea.
