2902 4822
734 428 814 507 282

221 627 293 692 eius
312 624 513 712 Magnesiam
533 624 575 690 ad
598 621 746 709 Sipylum
766 621 952 709 Aeolicam,
986 642 1053 688 nou
1079 622 1220 689 ionicam
1249 621 1340 687 illuni

221 730 263 795 ad
284 729 493 795 Maeandrum
514 730 627 794 sitam:
663 748 735 791 nam
757 726 800 793 de
820 724 1009 793 Thessaliae
1037 726 1092 793 vel
1112 726 1197 791 adeo
1218 724 1340 791 Cretae

221 832 399 919 Hugneeiis
424 852 521 898 nemo
552 833 719 919 cogitabit·
760 830 827 895 lam
853 829 1018 916 Zopyrum
1049 828 1210 916 quendem
1238 830 1342 895 exsti·

221 936 302 1000 tisse
323 934 531 1021 beclensem,
554 938 610 1022 qui
631 935 737 1020 aliqua
758 935 793 999 iu
822 932 955 999 Homeri
983 933 1182 999 carminibus
1202 952 1340 1018 quoquo

222 1040 320 1106 modo
341 1040 448 1105 studia
469 1040 647 1126 collocarit,
670 1059 766 1105 nemo
788 1059 852 1103 non
875 1039 974 1122 videt,
997 1038 1108 1125 quanti
1128 1036 1284 1103 momenti
1304 1037 1340 1101 in

222 1145 412 1231 quaestione
441 1145 483 1208 de'
504 1144 639 1210 Aeolica
668 1145 846 1210 carminum
875 1142 1118 1207 Homeriocrurn
1146 1141 1342 1223 meeesione

222 1247 275 1311 sit.
318 1243 493 1330 Exemplar
521 1256 601 1312 v'ero
623 1246 732 1312 lliadis
767 1246 822 1311 vel
843 1246 1014 1332 Odysseae
1040 1245 1095 1311 vel
1115 1245 1199 1311 adeo
1220 1244 1342 1309 utrius-

223 1370 287 1436 que
308 1352 459 1416 carminis
481 1350 522 1415 ab
544 1352 835 1436 ipsuoeeensitun
853 1351 1021 1437 Zopyrum
1048 1350 1233 1435 reliquisse,
1261 1370 1342 1415 aus·

222 1476 319 1541 quam
340 1454 491 1520 traditum
514 1457 656 1540 reperio:
684 1477 759 1521 narn
779 1476 863 1541 qnae
885 1457 917 1519 iu
942 1455 1113 1520 Aneedoto
1144 1452 1341 1539 referuntur,

222 1559 304 1623 iufra
325 1559 548 1641 examinanda,
570 1561 699 1625 minime
719 1559 752 1623 id
775 1559 928 1642 probant:
958 1579 1065 1643 neque
1087 1556 1255 1643 probabile
1276 1568 1341 1639 ert,

223 1662 374 1747 quoniam
401 1662 457 1725 rix
488 1662 643 1729 credibile
674 1663 812 1747 videtur,
841 1663 1081 1729 Alexandrinos
1110 1663 1341 1747 grammaticos

222 1766 288 1831 tale
310 1764 476 1849 exemplar
496 1766 541 1831 ita
560 1767 751 1851 ignorasse,
783 1777 818 1832 ut
840 1788 882 1832 ne
903 1786 969 1832 uno
997 1766 1141 1851 quidem.
1156 1764 1231 1831 loco
1251 1786 1343 1831 men·

223 1872 344 1936 tionem
372 1872 445 1937 eius
476 1873 674 1939 iniecissent.
717 1871 786 1937 Sed
816 1871 911 1938 facile
932 1870 1079 1937 concedo
1107 1870 1142 1935 id
1163 1868 1342 1954 quod-nor

223 1983 333 2057 potest
352 1974 422 2039 fere
443 1994 508 2040 uon
530 1996 591 2060 pro
614 1984 705 2041 certo
727 1975 891 2057 offirmari,
913 1972 1151 2041 accensendum
1174 1972 1342 2059 Zopyrum

223 2098 301 2144 esse
316 2098 431 2144 eoram
452 2081 650 2165 scriptorum
671 2080 779 2164 classi,
802 2083 857 2166 qui
872 2083 956 2146 iuter
973 2082 1096 2165 primos
1114 2080 1263 2162 summat,
1286 2078 1343 2165 qui

224 2184 265 2248 de
287 2183 446 2267 Homero,
467 2185 538 2250 sive
559 2185 601 2251 de
623 2186 695 2251 eius
717 2185 800 2268 vita,
832 2193 924 2268 ortu,
955 2185 1027 2249 sive
1047 2181 1090 2247 de
1109 2180 1204 2266 poesi
1225 2178 1342 2247 litteris

223 2286 344 2372 aliquid
366 2286 565 2354 mandarent.

725 2410 755 2495 y.
785 2411 838 2476 se.

311 2534 362 2593 lle
390 2532 552 2593 dialecti
574 2532 755 2594 Aeolicae
786 2535 823 2594 in
845 2533 993 2594 Homeri
1024 2530 1254 2593 carminibus
1307 2552 1332 2561 ··

684 2638 879 2716 vestigiis.
1226 2640 1231 2647 “

312 2770 455 2840 Tametsi
476 2775 550 2859 iam,
574 2796 672 2863 quum
696 2774 737 2841 de
759 2774 888 2839 nomine
910 2784 943 2839 et
964 2774 1088 2839 ratione
1101 2770 1257 2839 Aeolicae
1274 2764 1344 2837 llo·
1396 2768 1404 2775 ’

224 2876 306 2943 meri
334 2879 536 2947 recensionis
558 2881 735 2967 quaeritur,
768 2879 915 2964 proclive
947 2880 990 2944 sit
1022 2878 1063 2944 ad
1091 2874 1342 2961 conficiendum,

225 2981 419 3068 appellatam
452 3004 523 3051 eam
553 3005 629 3050 csse
657 3005 698 3049 ex
732 3005 791 3071 ec,
822 2984 909 3071 quod
939 2995 1056 3049 auctor
1082 2984 1153 3050 eius
1181 3002 1224 3048 ex
1243 2992 1343 3071 gente

224 3087 438 3154 Aeolensium
469 3088 583 3175 luerit,
617 3110 753 3175 eamque
783 3110 800 3155 a
824 3090 954 3155 civitate
982 3088 1088 3174 aliqua
1117 3085 1342 3175 Aeolensiurp,

226 3214 309 3279 quae
331 3190 475 3260 Homero
497 3212 558 3257 suo
581 3213 619 3257 se
642 3192 825 3259 defraudari
847 3193 966 3278 nollet,
989 3193 1100 3280 Cymis
1122 3194 1282 3277 fortasse,
1305 3204 1342 3259 at

226 3317 310 3385 quae
344 3298 456 3363 civitas
486 3315 527 3361 ex
560 3296 631 3380 ipsa
653 3293 830 3362 Homerum
863 3301 965 3366 luisse
993 3299 1164 3366 oriundum
1185 3296 1343 3387 gloriare-

225 3410 288 3485 tur,
306 3402 333 3479 ¹)
352 3397 522 3484 probatam
542 3408 640 3485 atque
661 3399 694 3462 in
715 3403 928 3485 patrocinium
951 3423 1046 3468 suum
1069 3411 1234 3487 receptam
1251 3418 1340 3483 esee,

225 3518 332 3569 tamen
354 3504 398 3569 ita
421 3522 486 3589 quo
515 3504 620 3570 minus
650 3512 848 3591 statuamus,
879 3504 974 3571 obest
1001 3504 1089 3591 quod
1118 3502 1160 3571 dc
1183 3502 1342 3570 Aeolensi

226 3628 388 3695 quoquam
409 3610 585 3673 carminum
609 3594 856 3673 Homerioorum
881 3609 1006 3675 editore
1027 3629 1094 3673 nou
1115 3616 1253 3674 constat.
1290 3604 1342 3671 De

224 3712 356 3798 Zopyro
379 3711 527 3777 vidimus.
572 3710 613 3776 Ut
642 3712 739 3777 aliurn
761 3712 957 3778 Aeolensem
985 3713 1155 3793 nominem,
1189 3708 1344 3795 Ephorus

225 3813 387 3883 Cumanus
410 3815 499 3903 quod
522 3817 562 3882 de
585 3815 728 3883 Homero
750 3817 923 3901 scripsisse
946 3816 1080 3899 dieitur,
1112 3814 1144 3879 id
1173 3811 1216 3878 ad
1243 3812 1344 3877 vitam

278 4029 305 4094 1)
327 4024 361 4080 V.
378 4026 460 4083 Febr.
480 4026 551 4083 Bibl.
570 4026 617 4081 Gr.
636 4025 668 4082 Τ.
687 4025 707 4079 Ι.
724 4044 750 4098 p.
770 4027 829 4081 829.
849 4026 908 4080 aab.
938 4022 1014 4079 Harl.
1033 4023 1088 4080 lnc.
1108 4038 1151 4094 ap.
1170 4020 1270 4075 lriarte
1289 4018 1342 4075 Ca-

326 4114 372 4170 tal.
394 4114 463 4170 Bibl.
487 4112 586 4168 Hatrit.
615 4132 641 4187 p.
665 4115 725 4167 2³3.
760 4111 862 4185 Heyuii
888 4109 955 4168 0bs.
981 4112 1008 4165 in
1032 4111 1062 4170 ll.
1092 4108 1123 4164 Τ.
1145 4106 1207 4163 Vll.
1231 4123 1257 4179 p.
1279 4110 1343 4163 718.

325 4200 426 4267 Fuere,
456 4206 527 4255 teste
551 4198 651 4256 Tretza
676 4199 760 4270 Exeg.
783 4200 812 4255 in
829 4197 907 4253 Hiad.
930 4215 957 4271 p.
975 4201 1019 4265 26,
1044 4197 1092 4269 qui
1119 4194 1239 4260 Homeri,
1265 4194 1341 4266 quod

327 4285 476 4345 Aeolensia
485 4292 555 4351 *natu
571 4285 679 4356 fuisset,
697 4302 796 4343 nomen
809 4283 1161 4343 sumersetensium
1173 4281 1343 4341 munnae
