2902 4822
685 424 749 500 ‘8¹1

164 629 450 686 commentatorem
474 623 544 685 sive
566 620 780 705 glossatorem
804 619 953 684 novimus
976 621 1002 699 ²)
1046 618 1150 683 Huius
1172 639 1277 704 gram·

165 725 272 788 matioi
303 723 344 788 de
366 735 472 788 aetate
496 725 549 808 qui
572 724 738 806 expressis
771 724 880 787 verhis
914 743 975 788 uos
999 724 1156 805 docuerit,
1190 734 1278 786 vete·

164 849 238 893 rurn
270 828 467 910 scriptorum
500 828 606 892 adhue
636 838 786 909 repertus
819 838 870 892 est
901 828 1019 892 nullus
1074 827 1190 912 Neque
1223 825 1278 912 qui
1332 897 1336 902 ,

165 952 233 996 rem
257 951 360 1014 nuper
381 932 501 1016 tetigit,
523 930 665 996 Meierus
689 930 811 995 Corum.
842 933 968 997 Audon.
992 931 1047 1015 vt,
1070 933 1101 995 3.
1123 953 1155 1015 p.
1177 928 1278 1012 XVII,

166 1055 238 1100 eam
261 1035 394 1098 definire
426 1047 577 1099 annurate
599 1038 633 1099 in
656 1057 693 1100 se
724 1038 880 1120 sumpsit:
915 1038 969 1120 qui
1000 1057 1099 1121 quum
1125 1033 1279 1099 Heliodo-

165 1160 240 1203 rum
273 1140 354 1202 miro
386 1141 552 1203 consortio
586 1161 658 1204 eum
690 1140 819 1223 Apione
852 1141 1043 1226 plerumque
1072 1141 1279 1204 coniunctum

166 1243 445 1326 deprehendisset,
475 1246 502 1324 ³)
536 1245 569 1307 id
599 1264 663 1308 non
697 1265 775 1309 casu
803 1245 922 1308 fantum
944 1255 1046 1327 ratus,
1078 1246 1123 1308 ita
1152 1243 1278 1307 statuit:

170 1345 269 1423 „Uter
291 1365 403 1409 eorum
425 1346 522 1410 fuerit
542 1358 647 1411 aetate
665 1349 764 1430 prior,
789 1358 861 1412 uter
876 1349 1049 1431 posterior,
1073 1348 1279 1431 ignoramus3
1331 1370 1333 1372 ·

168 1470 242 1513 uam
265 1448 306 1512 de
337 1448 505 1514 Heliodori
534 1461 637 1514 aetate
664 1451 751 1515 nihii
780 1454 848 1516 fere
872 1461 1020 1532 constat,
1055 1451 1117 1514 nisi
1148 1469 1223 1513 eum
1245 1458 1281 1512 ut

167 1552 359 1618 Aristarcho
381 1557 607 1637 posteriorem,
630 1557 674 1618 ita
687 1555 862 1639 Apollonio
880 1556 1036 1637 sophista,
1059 1575 1077 1619 a
1098 1573 1163 1638 quo
1182 1571 1281 1635 saepe

167 1659 203 1722 iu
225 1668 333 1741 partes
356 1668 502 1741 vocetur,
516 1661 544 1738 ⁴)
568 1660 708 1742 priorem
731 1659 832 1725 fuisse
839 1681 850 1742 3
875 1670 907 1723 at
929 1670 1035 1722 tamen
1057 1659 1134 1723 mihi
1151 1675 1281 1741 quoque

170 1761 365 1826 Heliodorus
396 1762 557 1846 antiquior
586 1763 742 1828 videtum«
797 1763 912 1848 Neque
945 1784 1007 1849 ego
1036 1764 1087 1827 his
1118 1760 1206 1846 quod
1228 1760 1283 1824 ud·

170 1866 244 1930 dam
266 1865 371 1929 haheo
394 1867 456 1929 uisi
490 1866 576 1950 quod
610 1877 743 1950 propter
775 1880 956 1951 temporum
987 1865 1281 1952 congruentiamis
1361 1924 1363 1928 .

150 1969 365 2034 „Heliodorus
389 1968 540 2034 diversus
571 1989 637 2033 nou
660 1972 762 2036 fuisse
784 1972 911 2035 videtur
944 1992 962 2034 a
996 1971 1189 2054 cognomine
1217 1987 1283 2032 me·

170 2076 262 2156 trien,
287 2092 351 2157 quo
364 2094 443 2138 usus
456 2084 506 2138 est
524 2077 676 2160 magistro
693 2075 843 2139 irenaeus
863 2076 933 2139 sive
950 2073 1112 2138 hlinueius
1131 2072 1283 2152 Pacatus,

171 2179 228 2262 qui
258 2178 398 2262 Augusti
431 2179 499 2242 fere
528 2189 633 2244 aetate
664 2180 902 2264 grammaticam
936 2177 1105 2261 professus
1138 2185 1198 2240 est.
1242 2171 1284 2235 V.

171 2281 338 2364 Meierum,
362 2303 456 2366 quem
479 2283 562 2349 hano
584 2285 840 2348 convenientiam
874 2295 1054 2365 temporum
1080 2281 1205 2363 fugisse
1227 2277 1285 2340 mi·

170 2407 236 2470 ror,
268 2407 300 2470 p.
331 2384 389 2449 vlt
423 2395 455 2450 et
487 2386 530 2453 X.
553 2386 586 2471 ⁵)
632 2386 726 2489 Hune
758 2387 855 2471 igitur
888 2385 1068 2450 doctrinam
1098 2383 1140 2446 de
1172 2381 1284 2445 metris

167 2573 456 2582 ——--—--..—-—-

224 2670 256 2738 2)
275 2667 309 2723 V.
328 2668 421 2724 Schol.
446 2668 515 2723 Ven.
540 2665 616 2722 iliad.
639 2685 663 2739 γ,
688 2666 749 2719 118.
774 2682 795 2731 e,
820 2666 879 2715 997.
921 2660 1034 2714 Cramer
1061 2656 1168 2713 Anecd.
1194 2653 1282 2714 naon

275 2755 305 2810 Τ.
328 2757 349 2814 Ι.
377 2776 402 2829 p.
428 2760 484 2812 194.
510 2754 541 2810 Τ.
567 2752 612 2808 lV.
636 2770 662 2822 p.
686 2753 745 2807 ato.
781 2749 936 2803 Bachmann
958 2744 1064 2801 Anecd.
1090 2743 1120 2802 Τ.
1146 2745 1167 2803 Ι.
1194 2761 1222 2816 p.
1248 2745 1280 2796 31

278 2845 430 2912 (spectatur
448 2840 548 2912 0dyss.
566 2838 593 2910 ψ,
612 2842 675 2906 398)
693 2841 736 2890 71.
771 2836 893 2890 Duntzer
913 2834 952 2888 De
971 2830 1111 2888 Zenodoto
1129 2849 1155 2900 p.
1174 2834 1233 2886 199.

225 2967 254 3034 3)
274 2963 413 3018 Addamus
440 2960 609 3015 Bachmanni
636 2958 743 3030 Anecd.
770 2955 801 3012 T.
826 2955 847 3011 1.
875 2973 901 3027 p.
922 2957 981 3010 399.
1029 2950 1150 3007 Crameri
1174 2953 1280 3011 Anecd.

278 3050 367 3108 Oxou.
385 3051 417 3107 Τ.
434 3049 481 3105 lV.
494 3066 519 3120 p.
539 3049 598 3101 319.
631 3047 717 3099 Paris.
739 3043 770 3100 T.
789 3040 834 3096 IV.
859 3060 885 3114 p.
905 3044 965 3097 173.
989 3039 1157 3109 (Bachmann
1175 3039 1280 3100 Auecd.

276 3137 308 3191 u.
326 3139 345 3192 1.
364 3156 391 3211 p.
409 3139 472 3208 aaa)
492 3140 550 3193 tro.
570 3137 626 3187 111.

226 3263 255 3331 4)
274 3259 416 3315 Heliodori
440 3275 539 3313 nomen
562 3273 610 3327 pro
638 3254 781 3309 Herodoro
805 3251 852 3306 vel
870 3247 1011 3303 Herodoto
1029 3246 1176 3321 Apollonio
1192 3248 1281 3304 vindi·
1369 3305 1371 3310 ,
1446 3268 1450 3273 ·

280 3363 344 3402 aare
372 3347 462 3403 studet
487 3347 648 3416 Anonymus
674 3346 702 3396 in
727 3339 839 3412 Ephem.
866 3338 917 3392 litt.
941 3337 1049 3390 lenens.
1077 3338 1152 3390 1831.
1170 3335 1203 3388 N.
1222 3340 1282 3391 933.

158 3446 161 3453 “
279 3452 306 3507 p.
324 3439 384 3491 tau.
421 3433 462 3488 De
484 3432 621 3504 frequenti
643 3430 751 3484 illorum
774 3423 936 3480 confusione
959 3424 1061 3478 dictum
1079 3430 1143 3496 post
1160 3423 1230 3477 alios
1248 3421 1283 3475 ad

278 3523 392 3578 Philam.
410 3523 475 3577 Lex.
494 3540 520 3592 p.
541 3521 600 3573 183.

227 3646 256 3715 11)
275 3645 317 3700 De
338 3646 451 3700 Irenaeo
469 3640 631 3697 testimoniis
647 3633 799 3693 addendum
819 3639 861 3687 est
875 3633 954 3687 loeus
972 3648 1007 3685 ex
1024 3629 1095 3690 lihrn
1113 3627 1148 3682 de
1167 3627 1285 3683 dialecto

279 3733 528 3788 Alexandrinorum
545 3727 717 3782 scholiastae
740 3720 912 3775 Diorooridis
933 3720 962 3772 iu
983 3716 1113 3770 Matthaei
1130 3712 1202 3768 Med.
1220 3721 1287 3772 vett.

280 3840 305 3893 p.
326 3824 377 3873 339
395 3820 491 3875 eodem
509 3831 589 3878 anno,
615 3827 668 3882 quo
687 3807 786 3862 Meieri
810 3805 972 3879 opusculum
990 3803 1099 3876 prodiit,
1116 3818 1133 3856 a
1150 3801 1286 3856 Bernhar-

282 3908 335 3980 dyo
354 3907 386 3960 ad
407 3904 519 3959 Snidam
543 3918 571 3957 v.
588 3899 718 3973 Εἰρηναῖος
739 3898 768 3949 in
786 3894 903 3948 medium
927 3889 1083 3963 productus.
1128 3888 1195 3943 ltem
1214 3888 1285 3943 desi·

282 3997 348 4049 dero
372 3992 443 4064 apud
467 3991 600 4043 Maiarum
624 3986 714 4039 locum
740 3983 828 4054 Etym.
845 3979 882 4035 M.
904 3997 931 4049 p.
950 3980 1010 4041 819,
1030 3978 1062 4027 ld
1085 3975 1119 4029 de
1137 3990 1208 4029 voce
1225 3974 1285 4048 adq,

280 4082 329 4135 ubi
353 4086 413 4152 post
436 4073 523 4135 ὀπὲαις
550 4076 578 4128 in
603 4071 664 4128 eod.
687 4070 775 4123 Paris.
797 4069 850 4123 343
873 4062 947 4126 οὕτως
975 4063 1104 4139 Εἰρηναῖος
1131 4062 1224 4127 adiici,
1251 4061 1286 4114 ad

168 4220 170 4225 .
282 4168 435 4241 Etymologi
448 4166 467 4221 l.
483 4164 502 4219 l.
522 4161 664 4216 Bekkerus
681 4157 830 4212 adnotavit.
845 4184 880 4194 -
897 4156 1028 4207 ceterum
1044 4152 1069 4206 si
1085 4157 1163 4204 reete
1180 4147 1287 4202 Scholii

283 4256 367 4311 verba
384 4253 585 4332 παραγέγραπται
603 4257 655 4306 ete.
679 4262 762 4318 supra
779 4246 973 4315 interpretatus
996 4256 1067 4306 sum,
1091 4255 1126 4294 ex
1144 4236 1290 4291 constituta
