2902 4822
745 430 822 508 112

227 619 394 702 prietatem
418 632 548 687 veteres
569 620 671 686 verbo
694 625 907 706 σημειοῦσθαι,
938 621 991 686 vel
1013 623 1159 708 σημαίνειν
1182 626 1229 692 uti
1251 626 1339 695 soliti

227 734 348 806 essent,
372 727 417 788 uti
438 728 508 790 iure
531 736 639 789 monet
662 724 918 791 Graefenhanius
942 725 1059 791 Gesch.
1079 729 1108 794 d.
1127 727 1236 796 Klass
1255 730 1338 799 Phit

226 825 263 890 Τ.
288 827 324 892 11.
347 849 379 913 p.
403 831 454 894 97.
499 827 573 892 Non
603 829 699 911 plane
732 830 935 895 satisfaciunt
964 831 1011 893 rci
1044 851 1128 915 quae
1153 834 1196 898 ad
1217 837 1339 902 cousti-

226 931 379 995 tueudum
402 932 508 1016 diplae
541 953 636 996 usum
667 932 903 998 Aristarchium
935 933 1071 997 contulit
1103 934 1264 1023 Pluygers
1288 939 1339 1007 De

226 1031 330 1098 Carm.
354 1033 447 1098 Hom.
470 1047 682 1121 veterumque
715 1039 747 1099 in
770 1057 809 1101 ea
831 1035 941 1101 Schol.
966 1036 1016 1100 ed.
1040 1057 1070 1119 p.
1095 1037 1126 1122 1,
1157 1044 1264 1106 omnia
1287 1042 1338 1109 his

226 1139 294 1201 fere
317 1124 612 1222 comprehendens:
643 1139 761 1224 diplam
784 1141 823 1203 iis
846 1139 996 1203 versibus
1019 1159 1184 1223 apponere
1206 1145 1338 1211 solitum

226 1261 301 1305 esse
312 1240 546 1325 Aristarchum,
570 1242 626 1325 „in
650 1242 767 1326 quibus
790 1243 913 1307 inesset
936 1233 1175 1330 documentum,
1199 1268 1264 1333 quo
1285 1249 1339 1314 tn·-

225 1358 327 1411 maret
350 1367 433 1431 quae
456 1347 526 1410 sive
547 1347 580 1409 in
603 1346 735 1429 scholis,
767 1347 890 1410 sivein
914 1352 1153 1414 commentariis
1176 1367 1339 1435 exposue-

227 1462 277 1515 rat
300 1451 340 1514 de
362 1451 512 1514 versibus
535 1449 747 1532 interpolatis,
782 1448 822 1513 de
851 1452 960 1533 pravis
989 1452 1181 1518 lectionibus
1209 1457 1337 1539 aprio·

226 1554 315 1618 ribus
339 1553 515 1618 editoribus
538 1553 706 1635 receptis„
726 1551 766 1615 de
795 1552 884 1617 lalsis
907 1554 1044 1620 aliorum
1069 1559 1339 1639 interpretationi·

225 1660 306 1740 bus,
330 1658 370 1721 de
392 1658 565 1722 verborum
588 1655 875 1740 significationibus
898 1669 979 1723 ete«
992 1681 1002 1743 3
1035 1672 1104 1724 tum
1129 1659 1244 1727 »nullis
1264 1680 1338 1727 vor·

225 1764 315 1828 sibus
338 1761 483 1827 crebrius
507 1762 610 1846 διπλῆν
633 1759 812 1841 appositam
836 1760 971 1825 inveniri
994 1783 1089 1847 quam
1119 1765 1170 1847 iis,
1202 1784 1246 1829 ex
1268 1766 1338 1849 qui·

225 1869 287 1932 bus
311 1875 462 1950 appareat
484 1863 661 1927 Homerum
685 1861 812 1926 duobus
834 1866 950 1946 positis
978 1866 1085 1932 solere
1107 1855 1185 1951 τρὸς
1205 1865 1241 1933 τὸ
1264 1867 1337 1935 δοά-

225 1993 307 2056 τερον
329 1966 472 2054 τιρότερον
497 1965 555 2051 [ita
578 1987 618 2031 ex
642 1966 734 2048 cod,
766 1976 802 2030 ut
833 1968 948 2050 opinor
977 1969 1089 2032 scribit
1121 1989 1180 2053 pro
1201 1969 1336 2059 πρῶτον]

225 2071 366 2156 ἀπαντᾶν,
398 2072 441 2136 cf.-
462 2070 502 2135 ad
525 2072 559 2152 Δ,
580 2070 638 2134 451
674 2081 707 2133 et
729 2068 846 2151 alibi⁴13
882 2071 934 2134 vel
964 2072 996 2142 in
1027 2073 1201 2156 anaphora.
1246 2074 1339 2159 Ωιταε
1375 2078 1382 2091 “

95 2173 101 2178 ’
226 2178 378 2262 propriae
400 2174 506 2257 diplae
525 2173 611 2256 apud
631 2172 855 2236 Aristarchum
869 2184 1048 2257 potestates
1064 2175 1202 2260 fuerunt,
1218 2197 1338 2245 'aarum

153 2349 155 2352 ⁴
225 2291 414 2348 cunctarum
436 2278 498 2342 iam
521 2297 581 2362 age
604 2275 775 2362 syllabam,
809 2277 959 2359 apposito
982 2278 1077 2343 simul
1100 2299 1165 2344 uno
1190 2280 1338 2349 alterove

224 2382 388 2465 exemplo,
430 2382 656 2463 exhibeamus,
695 2378 859 2462 ordinem,
900 2400 965 2466 quo
999 2383 1032 2446 in
1065 2383 1178 2450 codice
1211 2381 1337 2453 Veneto

223 2489 330 2571 priore
352 2486 502 2570 leguntur
524 2485 663 2567 sequuti.

219 2632 223 2637 -
310 2590 344 2669 1)
367 2585 444 2671 πρὸς
477 2586 528 2670 τἠν
564 2585 645 2658 dnae
668 2580 819 2668 εἰρημένην
849 2583 936 2659 λέξιν.
978 2586 1067 2654 lliad.
1096 2613 1127 2674 o,
1150 2591 1336 2678 106,un

223 2691 363 2775 exempli
384 2690 458 2754 loco
481 2689 616 2772 abipso
639 2686 765 2752 Veneto
788 2687 919 2755 librario
949 2693 1091 2782 affertur,
1124 2695 1157 2758 in
1179 2705 1336 2762 contextu

223 2794 364 2861 notabile
378 2803 428 2858 est
448 2794 575 2878 signum
597 2793 629 2854 in
652 2790 725 2854 cod.
749 2812 813 2856 uon
836 2795 1019 2877 appositum
1042 2816 1133 2862 esse:
1156 2796 1335 2882 queuntis

222 2899 332 2964 multis
350 2898 432 2961 locis
454 2895 547 2979 culpa
561 2895 680 2958 librarii
697 2895 816 2960 lactum
830 2897 1005 2963 observare
1022 2899 1106 2964 licet.
1131 2896 1235 2974 Ἀτισε
1250 2897 1336 2987 sipp-

224 3000 319 3088 μένων
342 3001 403 3066 alia
426 2999 573 3082 exempla
597 2999 717 3062 dabunt
737 2998 826 3063 lliad.
855 3022 887 3083 χ,
909 3003 973 3067 496
1003 3012 1036 3066 et
1058 3027 1096 3084 ιο,
1117 3004 1192 3089 304,
1216 3004 1335 3089 quihus

223 3107 265 3170 de
286 3105 368 3169 locis
404 3104 523 3169 dictum
546 3109 573 3175 s.
595 3104 647 3166 53.
691 3099 742 3166 De
775 3101 890 3186 ἄριστον
921 3102 1031 3169 Schol.
1066 3104 1152 3171 lliad.
1181 3129 1220 3190 ct,
1252 3107 1334 3174 1242

222 3208 243 3294 ἡ
266 3211 354 3293 διπλῆ
378 3203 592 3280 baudonivia
623 3202 652 3269 ἐν
670 3201 774 3274 Ἰλιάδι
796 3205 847 3275 καὶ
877 3205 957 3281 duae
980 3205 1009 3272 ἐν
1032 3200 1198 3296 Ὀδυσσείᾳ
1228 3207 1277 3295 [τι,
1298 3209 1334 3294 2]

222 3311 257 3378 τὸ
280 3311 406 3395 ἄριστον.
444 3308 495 3374 Ex
516 3311 579 3374 hoc
600 3329 720 3395 genere
742 3312 916 3376 verborum
939 3321 1015 3374 sunt
1036 3306 1192 3397 ἀβάκησαν
1214 3313 1334 3400 Odyss.

222 3417 252 3497 i,
273 3415 337 3479 249
370 3412 439 3492 (ubi
461 3433 490 3476 v.
512 3411 638 3494 Schol.)
645 3433 657 3496 3
692 3415 825 3499 ζῶστρον
846 3414 923 3479 ibid.
948 3417 975 3495 ζ,
998 3415 1051 3498 38,
1080 3426 1212 3480 notante
1232 3414 1336 3485 Scho-

221 3519 332 3601 liasta3
366 3514 536 3600 βαμβαίνων
557 3516 646 3581 lliad.
669 3541 698 3598 κ,
719 3518 794 3600 375,
828 3518 883 3582 ubi
906 3518 946 3581 de
969 3516 1065 3602 dipla,
1098 3538 1182 3602 quae
1204 3520 1236 3584 in
1258 3537 1335 3586 cou-

221 3632 314 3688 textu
346 3619 472 3684 Veneto
505 3621 632 3705 appicta
667 3631 735 3704 est,
769 3619 901 3685 Scholia
929 3620 1041 3702 sileut3
1077 3614 1225 3704 λάψοντες
1246 3621 1333 3689 ttiad

221 3749 255 3808 τ,
278 3726 352 3806 161,
376 3723 431 3788 ubi
454 3744 483 3786 v.
506 3720 616 3788 Schol.
624 3745 635 3805 3
671 3734 802 3787 notatae
823 3723 884 3788 hae
914 3735 981 3788 tres
1003 3743 1103 3788 voces
1127 3723 1264 3790 eandem
1292 3724 1335 3792 oh

222 3848 370 3896 caussam
392 3825 567 3909 Apollonio
589 3825 668 3893 Lex.
690 3824 785 3892 Hom.
808 3828 878 3892 suis
899 3827 992 3891 locis.

308 3930 461 3996 Ceterum
484 3948 583 4012 quum
606 3928 728 3994 dudum
750 3938 901 4012 coeptum
924 3940 1011 3996 esset
1033 3931 1065 3994 in
1085 3950 1148 3997 usu
1159 3929 1334 3998 Homerico

223 4032 436 4102 examinando
459 4040 631 4116 utrumque
653 4053 782 4097 carmen
804 4035 941 4098 seorsim
963 4045 1112 4117 tractare,
1143 4053 1209 4098 uon
1230 4032 1335 4099 videri

224 4138 321 4203 debet
343 4136 513 4217 absonum,
548 4135 634 4219 dipla
666 4138 762 4201 etiam
785 4156 841 4201 eas
863 4156 963 4202 voces
986 4147 1113 4202 notatas
1135 4157 1222 4221 esse,
1250 4157 1334 4223 quac

225 4241 372 4328 quamvis
404 4240 438 4304 iu
460 4237 611 4325 Odyssea
638 4240 772 4325 saepius
802 4239 998 4327 legerentur,
1030 4240 1064 4306 iu
1095 4239 1196 4309 lliade
1226 4250 1335 4307 tamen
