2902 4822
751 430 827 507 116

228 624 429 710 singulorum
473 624 706 690 vocabulorum
758 622 811 686 vel
854 622 1018 705 phrasium
1063 641 1126 686 usu
1169 633 1343 695 versatnrz,

229 729 320 812 quod
339 731 510 814 quominus
542 729 728 814 singulatim
756 745 1001 809 persequamur,
1036 726 1177 808 providit
1199 725 1344 791 sollertia

229 832 371 916 Lehrsii,
421 835 475 917 qui
516 833 713 918 singularem
758 831 1043 913 consuetudinem,
1089 852 1151 916 qna
1197 852 1346 916 quasque

226 956 340 1018 voces,
374 937 460 1021 dipla
494 940 562 1002 suis
594 936 675 1000 locis
708 947 848 1018 notataS,
880 946 977 1018 poeta
1007 937 1169 1019 usurparit
1192 947 1344 1001 accurate

227 1041 377 1103 tractavit
409 1040 590 1107 Aristarch.
625 1038 712 1103 Diss
745 1037 784 1102 ll.
829 1060 861 1122 p.
896 1039 948 1101 61.
980 1038 1127 1102 Accedat
1160 1038 1343 1123 exemplum

226 1142 404 1207 industriae
437 1141 622 1228 Pluygersii
657 1142 810 1225 debitum,
845 1141 897 1205 De
932 1162 1028 1204 carm.
1052 1141 1146 1208 Hom.
1177 1153 1210 1206 et
1231 1142 1342 1211 Schol.

225 1266 258 1327 p.
291 1246 322 1325 8,
357 1265 397 1308 ex
420 1245 533 1308 codice
567 1243 648 1309 Ven.
680 1244 829 1309 scholion
864 1245 906 1308 ad
934 1267 959 1323 e,
992 1245 1056 1307 230
1088 1245 1129 1308 ah
1164 1246 1345 1312 editoribus

227 1349 382 1412 omissum
412 1349 475 1410 hoc
498 1348 677 1413 afferentis:
710 1345 753 1412 du
781 1345 866 1421 ἰδίως
890 1343 1071 1412 συνθεσιάων
1101 1343 1162 1411 ἀντὶ
1189 1355 1244 1413 τοῦ
1265 1345 1343 1414 ἐντο-

226 1452 300 1529 λῶν,
334 1468 417 1531 quae
440 1450 540 1512 verba
563 1451 604 1514 ad
627 1451 746 1533 diplam
778 1461 936 1532 spectant,-
971 1451 1081 1514 versui
1120 1452 1154 1513 iu
1183 1449 1265 1515 cod.
1288 1470 1343 1533 ap·

227 1555 355 1636 pictam.
401 1553 551 1618 Ceterum
582 1559 614 1619 in
644 1557 713 1620 eius
736 1555 865 1639 generis
888 1555 1034 1618 locorum
1056 1557 1247 1618 tractatione
1269 1554 1342 1619 Ari·

226 1658 376 1724 starehus
399 1679 470 1722 eam
493 1659 599 1744 legem
632 1670 790 1745 sequutus
824 1659 962 1741 videtur,
996 1679 1090 1741 quam
1121 1671 1274 1741 quantum
1300 1658 1343 1745 ad

227 1760 395 1846 analogiae
418 1764 576 1826 rationem
599 1763 662 1827 sihi
683 1762 950 1845 praescripserat,
975 1771 1009 1825 ut
1031 1783 1114 1844 quae
1134 1780 1212 1824 vere
1232 1769 1343 1825 essent
1369 1821 1376 1829 .

228 1866 311 1928 inter
344 1883 381 1928 se
412 1865 646 1948 contendenda‚
682 1864 722 1927 ad
747 1864 882 1927 eandem
916 1865 1060 1949 regulam
1091 1865 1276 1948 castigaret,
1309 1863 1347 1939 in·

228 1969 346 2031 ceteris
366 1968 508 2031 nonnihil
529 1967 752 2033 consuetudini
773 1966 1020 2050 relinquendum
1038 1989 1113 2033 esse
1130 1968 1341 2053 praeciperet.

230 2069 278 2134 cf.
310 2070 434 2135 Lersch
466 2069 797 2155 Sprachphilosophie
829 2069 887 2133 der
920 2071 1016 2135 Alten
1048 2070 1071 2132 1.
1103 2092 1134 2154 p.
1166 2071 1221 2134 62-
1239 2091 1291 2154 sq.
1313 2072 1343 2148 ⁴)

229 2171 401 2236 Postremo
425 2173 609 2238 offerendus
632 2176 702 2237 sive
724 2172 897 2254 Zenodori,
932 2175 1003 2237 sive
1026 2173 1112 2258 quod
1141 2172 1342 2256 malim,-·Ze·

228 2276 341 2339 nodoti
369 2276 469 2357 liber,
511 2274 578 2361 περὶ
609 2284 663 2360 τῆς
688 2272 823 2360 Ὁμήρου
854 2277 1011 2358 συνηθείας
1043 2277 1236 2362 inscriptus,
1276 2294 1346 2361 quo

229 2378 316 2441 idem
338 2390 562 2463 argumentum
584 2380 661 2443 licet
682 2380 778 2444 latius
800 2381 845 2443 ita
868 2392 1037 2443 tractatum
1061 2380 1198 2464 videtur,
1223 2390 1345 2445 utnon

229 2482 327 2546 modo
350 2482 502 2566 loquendi
526 2481 728 2546 consuetudo
752 2482 839 2564 sola,
875 2482 934 2545 sed
957 2484 1018 2548 alia
1042 2485 1182 2567 omnia,¹
1197 2481 1347 2568 quaead

233 2586 463 2671 proprietatem
495 2606 605 2648 rerum
639 2587 679 2648 ah
712 2584 855 2650 Homero
889 2594 1097 2651 tractatarum
1136 2587 1346 2672 pertinerent,

230 2687 480 2768 respicerentur.
1062 2693 1067 2697 '
1332 2740 1347 2773 Ι,

317 2790 353 2864 3)
376 2788 453 2873 πρὸς
475 2788 544 2863 τοὺς
565 2786 713 2872 λέγοντας,
737 2792 777 2877 μὴ
801 2789 877 2856 εἶναι
898 2801 951 2858 τσῦ
973 2790 1064 2859 αὐτοῦ
1093 2800 1216 2879 ποιητοῦ
1231 2788 1347 2858 Ἰλιάδα

232 2889 283 2957 καὶ
304 2892 488 2958 Ὀδύσσειαν.
512 2892 635 2958 Horum
659 2895 832 2960 verborum
855 2897 904 2960 vis
927 2897 1006 2961 haec
1027 2908 1089 2981 est,
1112 2907 1148 2961 ut
1169 2905 1347 2981 apponeret

286 3116 313 3182 4)
334 3115 507 3168 Adiiciamus
522 3113 617 3179 obiter,
634 3113 752 3168 Charisii
772 3134 798 3187 p.
814 3119 856 3170 93.
874 3115 962 3170 verba
976 3116 1109 3171 Lerschio
1127 3117 1250 3181 laudata:
1271 3115 1347 3171 ‚nn-

338 3194 465 3255 star'chus
491 3201 642 3271 discipulus
671 3203 731 3256 eius
763 3202 979 3275 [Aristophanis]
1009 3203 1126 3268 addidit,
1159 3221 1193 3258 ne
1221 3219 1348 3276 umquam

344 3289 480 3359 simplicia
500 3291 658 3359 compositis
676 3297 826 3360 aptemus«,
847 3297 894 3342 aut
918 3297 1067 3343 mutuatum
1085 3290 1149 3343 hinc
1169 3306 1232 3345 esse
1250 3297 1297 3344 aut
1314 3307 1348 3345 ex

343 3374 439 3428 eodem
460 3374 532 3428 sonte
555 3393 607 3445 quo
626 3376 673 3429 ille
692 3376 818 3430 hausisse
838 3376 1020 3429 Donatianum
1038 3380 1242 3446 grammaticum
1261 3364 1348 3450 quon-¹

342 3461 412 3526 dam,
430 3465 508 3515 euius
528 3462 708 3532 fragmentum
723 3466 852 3517 insertum
869 3471 911 3516 est
930 3463 1018 3516 Attilii
1040 3448 1222 3518 Fortunatiaui
1235 3464 1349 3520 editioni

340 3547 539 3602 Mediolanensi
559 3556 706 3619 excerptae
725 3564 844 3619 nupera
864 3547 1020 3602 Gaissordio
1040 3549 1129 3603 Praet'.
1148 3550 1350 3623 adScriptcm

341 3636 400 3690 Lat.
419 3638 460 3688 rei
479 3644 558 3691 metr.
578 3635 630 3689 ubi
643 3653 671 3706 p.
691 3635 752 3688 Vlll
772 3637 916 3705 leguntur:
947 3637 1144 3702 „Aristarchus
1161 3637 1270 3695 auditor
1288 3641 1349 3705 eills

338 3723 421 3776 adicit
440 3722 629 3788 differentiam,
653 3723 680 3775 id
700 3731 794 3776 estne
813 3724 949 3794 simplicia
977 3740 1039 3776 cum
1058 3726 1220 3797 compositis
1237 3741 1350 3797 compa·

343 3825 447 3868 remus.
484 3808 626 3864 Hactenus
651 3808 685 3862 de
709 3811 818 3860 nomine
844 3808 1014 3877 analogiae.ae
1059 3809 1140 3863 Hunc
1168 3809 1350 3866 Donatianum

340 3892 449 3946 aliunde
467 3910 521 3947 non
539 3896 603 3946 novi
621 3894 675 3945 nisi
693 3893 764 3963 quod
783 3910 855 3946 nunc
874 3911 909 3948 ex
928 3893 1013 3949 Keilii
1034 3895 1117 3951 Anal.
1136 3913 1248 3965 gramm.
1266 3913 1293 3968 p.
1309 3899 1349 3950 18.

313 3994 316 3999 ·
343 3984 375 4034 19
390 3989 416 4035 et
431 3985 465 4034 29
483 3988 588 4034 constat
607 3982 634 4033 in
654 3979 740 4034 tribus
759 3980 901 4034 codicibus
924 3982 1009 4049 italis,
1027 3982 1128 4054 quihus
1146 3985 1250 4055 scripta
1263 4001 1351 4054 gram·

340 4068 441 4120 matica
467 4067 653 4132 continentur,
684 4066 770 4120 Attilii
794 4065 980 4121 Fortunatiani
1006 4068 1067 4121 Arti
1095 4068 1199 4140 pariter
1223 4067 1351 4139 subiungi

344 4150 491 4205 Donatiani
520 4148 717 4222 fragmentum,
757 4151 830 4223 quod
862 4152 896 4207 ah
929 4153 1002 4209 edito
1033 4153 1170 4211 diversum
1202 4170 1266 4211 esse
1296 4171 1351 4210 non

342 4237 459 4292 videtur.
