2902 4822
684 437 763 514 203

165 658 236 701 snm
270 643 402 699 rectene
431 633 572 715 fecerim,
606 632 693 717 qnod
726 632 811 697 hunc
843 634 1034 714 scriptorem
1067 631 1100 692 in
1134 629 1273 692 medium

164 739 352 823 producam.
396 737 558 801 Submitto
590 738 687 822 igitur
720 757 793 800 cnm
816 735 996 801 Villoisono
1029 733 1157 817 Proleg.
1181 730 1274 795 Hom.

165 863 196 926 p.
221 841 299 904 XlX
320 862 389 904 rem
412 840 531 904 iudicio
557 841 702 906 aliorum.
734 840 870 923 Etenim,
894 842 923 903 si
944 840 1056 902 stricte
1079 834 1274 920 loquendum
1323 871 1327 877 ,

165 956 227 1026 est,
258 964 341 1008 unus
373 955 493 1008 tantum
524 945 616 1010 locus
644 946 675 1008 in
705 955 855 1028 promptu
879 954 939 1026 est,
970 943 1025 1026 qui
1047 939 1275 1003 Demosthenis

165 1049 328 1112 crationes
350 1049 488 1132 antiquis
511 1051 573 1112 iam
596 1049 794 1132 temporibus
807 1047 1009 1113 Aristarchio
1032 1042 1128 1107 modo
1149 1051 1275 1105 notatas

162 1171 242 1218 esse
271 1161 426 1234 testatur,
459 1153 544 1237 apud
578 1152 747 1236 Ulpianum
781 1153 820 1216 ad
853 1151 982 1215 Midian.
1017 1170 1049 1231 p.
1078 1148 1142 1212 543
1165 1144 1274 1209 Reisk.

165 1253 286 1318 verba:
307 1251 414 1339 συνέβη
438 1255 472 1319 δὲ
503 1254 681 1343 ὑπερημέρῳ
717 1254 877 1342 γενομένῳ]
916 1249 1052 1336 ’Accede
1085 1247 1159 1316 εἶναι
1193 1251 1276 1313 δοκεῖ

163 1362 259 1440 τοῦτο,
281 1358 344 1422 ἔστι
366 1357 400 1423 δὲ
420 1367 562 1425 τοιοῦτον·
589 1359 637 1425 ἵνα
669 1357 807 1445 ᾶδικηση,
839 1357 995 1443 ἀπέκρυψε
1020 1358 1071 1441 τὴν
1101 1354 1203 1438 κυρίαν
1225 1348 1277 1416 καὶ

165 1459 216 1525 διὰ
235 1464 319 1526 τοῦτο
348 1461 514 1547 παρέλαθεν
546 1464 731 1549 ὑπερήμερος
762 1462 929 1548 γενόμενος·
959 1463 1044 1526 τοῦτο
1068 1457 1156 1525 δὲτὸ
1179 1454 1276 1539 νόημα

92 1565 96 1572 ’
165 1560 222 1628 οὒκ
244 1562 356 1649 ἀληθὲς
376 1562 454 1648 εἷπε,
488 1567 534 1632 διὸ
558 1567 607 1633 καὶ
637 1571 721 1633 τοῦτο
742 1567 777 1632 τὸ
807 1566 897 1652 μέρος
923 1562 1080 1647 ῶβέλισται
1109 1558 1191 1645 παρὰ
1217 1567 1275 1622 τῶν

164 1676 301 1751 κριτικῶν
323 1667 374 1734 καὶ
396 1669 440 1745 ῶς
462 1668 646 1757 ἀδιόρθωτον
667 1671 906 1758 παραλέλειπται,
939 1681 974 1734 ut
1004 1671 1109 1733 locum
1132 1663 1276 1751 vulgavit

164 1769 307 1836 Meierns
330 1774 380 1838 ed.
405 1775 562 1840 Midianae
584 1798 615 1861 p.
641 1779 711 1841 116.
757 1777 831 1840 Νοιι
863 1778 1041 1872 dubitarem
1069 1773 1101 1834 in
1124 1772 1174 1836 his
1197 1769 1276 1833 anti·

147 1862 248 1958 xqnae
278 1879 450 1943 notationis
480 1880 630 1944 indicium
662 1883 821 1966 reperire,
858 1880 1048 1966 praesertim
1079 1875 1121 1939 ob
1151 1874 1275 1938 adiecta

165 1979 264 2042 verha
299 1978 381 2065 παρὰ
415 1990 474 2045 τῶν
509 1994 662 2067 κριτικῶν,
708 2007 805 2071 quum
844 1987 899 2051 uhi
940 1986 1082 2067 priorum
1121 1982 1276 2060 interpre-

164 2090 233 2145 tum
262 2087 439 2149 sententias
470 2084 625 2172 Ulpianus
654 2091 760 2172 affert,
795 2109 858 2153 non
887 2090 1080 2167 criticorum,
1115 2082 1174 2147 sed
1205 2081 1275 2144 aliis
1351 2128 1379 2169 4

164 2188 359 2270 nominihus,
383 2188 563 2257 veturium
587 2193 854 2279 ὑπομνηματιστῶν,
881 2201 940 2256 τῶν
959 2183 1193 2273 ἐξηγησαμένων,
1216 2192 1276 2248 τῶν

164 2299 316 2378 τεχνικῶν,
339 2301 397 2358 τῶν
420 2306 626 2380 γραμματικῶν
638 2309 699 2363 etc.
723 2319 833 2362 earum
856 2308 1005 2361 auctores
1024 2292 1155 2356 laudare
1172 2288 1276 2354 soleat

164 2403 210 2468 (v.
232 2394 346 2459 Meieri
367 2395 518 2463 Prooem.
541 2422 572 2483 p.
591 2400 700 2482 ΧΙΧ),
724 2403 752 2465 si
775 2401 871 2465 modo
894 2400 955 2464 alia
979 2396 1124 2462 eiusdem
1144 2393 1274 2457 notandi

162 2500 297 2593 rationis
321 2502 468 2586 exempla
491 2503 655 2587 adessent,
685 2505 717 2567 in
741 2503 864 2588 Ulpiani
887 2514 976 2568 certe
998 2500 1131 2567 scholiis
1154 2499 1272 2562 frustra

165 2621 259 2665 ame
287 2607 442 2687 quaesita.
486 2605 522 2671 Si
553 2618 659 2672 tamen
689 2609 733 2672 illi
757 2611 939 2673 testimonio
970 2604 1110 2671 nonnihil
1133 2604 1274 2667 tribuen-

165 2705 240 2770 dum
255 2719 315 2792 est,
337 2729 378 2772 ex
396 2711 599 2796 antiquorum
615 2711 843 2778 Demosthenis
860 2715 1081 2796 interpretum,
1101 2708 1273 2793 dequibus

163 2809 266 2879 Μοίρι
294 2834 325 2896 p.
354 2811 439 2879 XlV.
470 2835 519 2899 sg.
554 2815 739 2900 disputavit,
774 2837 857 2882 unns
891 2818 1030 2880 omnium
1061 2815 1113 2879 isti
1143 2811 1274 2875 notandi

165 2932 284 2996 operae
307 2936 444 2982 vacasse
467 2921 569 2983 videri
591 2931 705 3003 posset
728 2920 897 3006 Didymus,
921 2922 1013 2984 cuius
1036 2917 1274 2982 inDemosthe·
1348 2978 1351 2993 ,

164 3036 239 3080 nem
261 3028 294 3082 et
315 3019 440 3085 lsaeum
464 3022 611 3107 aliosque
634 3034 780 3089 oratores
803 3023 992 3110 ὑπομνήματα
1013 3020 1274 3119 commemoravit

165 3119 307 3187 Meierus
329 3123 350 3186 l.
373 3123 394 3188 l.
418 3148 449 3209 p.
471 3124 543 3190 XV.
571 3132 595 3202 ¹)

252 3225 357 3291 Adest
385 3241 553 3313 praeterea
577 3232 658 3297 alius
687 3211 785 3296 locus
809 3231 1048 3313 Demosthenis,
1079 3229 1173 3293 obelo
1195 3230 1287 3293 anti.

220 3417 247 3485 t)
266 3416 406 3473 Addamus
424 3420 503 3474 locos
520 3419 654 3491 quosdam
672 3419 897 3491 Harpocrationis
914 3437 929 3472 a
947 3418 1052 3474 Meiere
1072 3418 1228 3487 neglectos:
1246 3435 1274 3474 v.

269 3501 408 3574 δικοτένιιν,
439 3507 487 3560 ubi
519 3509 730 3562 commentarius
764 3506 957 3560 Demosthenis
990 3505 1038 3560 Or.
1069 3506 1098 3558 in
1120 3505 1273 3563 Medonteur

268 3602 442 3659 memoratur,
467 3595 495 3646 ni
519 3594 598 3647 malis
622 3599 719 3664 putare
745 3593 844 3647 librum
869 3593 980 3664 Didymi
1003 3596 1165 3669 inscriptum
1189 3593 1274 3650 fuisse

267 3679 323 3753 περὶ
349 3680 556 3747 moderantium
585 3687 641 3733 tum
666 3679 859 3734 Demosthenis
884 3685 911 3734 in
938 3679 1131 3748 Timocratem,
1153 3699 1178 3735 v.
1202 3679 1275 3735 ὅσιον.

268 3767 333 3842 Ιιιιιι1
348 3767 372 3819 si
395 3768 523 3839 respicio,
548 3765 658 3838 Didymi
684 3765 792 3821 laudari
820 3783 900 3821 curas
920 3766 1103 3833 Demostheni,
1131 3767 1274 3833 Aeschini,

268 3851 405 3924 Lycurgo,
429 3851 571 3926 Hyperidi,
598 3855 684 3919 lsaeo,
716 3851 863 3920 Dinarcho,
890 3856 1050 3926 praestitas,
1076 3855 1202 3928 proclive
1231 3863 1274 3910 est

268 3941 417 4007 conlisere,
436 3942 548 3995 easdem
567 3949 593 3995 et
611 3943 714 3996 ceteris
732 3947 846 4012 quatuor
863 3941 1015 3995 oratoribus
1034 3939 1136 4017 Atticis
1153 3957 1206 3994 non
1225 3941 1275 3995 de-

268 4025 365 4094 fuisse,
384 4029 457 4083 unde
471 4028 603 4098 colligere
619 4029 711 4092 liceat,
730 4029 932 4082 commentariis
946 4044 1008 4081 eum
1028 4027 1123 4082 decem
1138 4028 1280 4082 oratorum

268 4116 401 4186 reliquias
427 4117 604 4170 instruxisse:
633 4115 716 4187 quod
730 4131 763 4168 eo
789 4114 1170 4191 aliquatennssustentatur,
1202 4115 1274 4186 quoq!

270 4209 348 4257 certe
366 4201 459 4257 nullus
471 4202 549 4272 apud
567 4200 811 4272 Harpocrationem
829 4199 910 4252 locus
927 4207 1026 4266 exstat,
1050 4217 1104 4273 quo
1123 4201 1273 4273 deprehen·

269 4289 348 4345 datur
365 4286 500 4362 Didymus
517 4287 591 4343 alios
618 4289 759 4366 quospiam
776 4294 900 4341 oratores
919 4293 1063 4355 mactasse,
