2902 4822
697 408 774 486 197

176 604 368 668 abundantia
397 603 490 665 nobis
514 604 683 685 cumipse
706 602 976 686 expostulandum
1000 605 1154 671 videtur..
1181 606 1291 689 Atque

176 727 274 791 quum
307 707 378 789 ipse
411 703 637 768 Dioscoridem
661 705 700 767 iis
723 705 950 790 adnumerarit,
987 711 1041 793 qui
1071 729 1167 793 quam
1194 707 1291 772 auda·

176 810 304 873 cissime
327 810 369 870 in
399 807 497 871 verba
527 809 696 891 scriptoris
724 814 862 892 grassati
890 825 1016 896 essent,
1046 815 1194 899 profecto
1226 833 1290 879 non

177 912 353 978 mirandum
377 912 490 993 est,=si
512 911 568 975 illo
585 910 658 976 loco
677 933 740 977 uno
761 926 909 999 excepto,
933 919 984 980 cui
1003 918 1142 984 sortasse
1165 919 1289 984 Comm.

176 1020 206 1080 in
230 1017 324 1101 llipp.
348 1016 440 1099 Epid.
465 1015 517 1079 lV.
540 1015 576 1082 T.
599 1017 699 1098 XVll,
723 1019 751 1080 2.
777 1041 807 1102 p.
833 1020 896 1082 194
929 1021 1098 1086 addendus
1122 1033 1183 1105 est,
1218 1023 1289 1086 eius

176 1120 366 1203 placitorum
386 1119 569 1181 criticorum
592 1117 685 1182 aliam
708 1140 772 1183 non
784 1120 894 1185 habuit
907 1125 1074 1206 rationem,
1093 1124 1133 1188 de
1152 1123 1289 1210 singulis

175 1223 365 1311 quibusdam
399 1222 482 1287 locis
514 1222 590 1306 quid
624 1225 818 1289 monendum
849 1226 993 1309 haberet,
1024 1231 1055 1291 in
1090 1227 1153 1293 alio
1177 1248 1288 1313 opere,

175 1328 261 1414 quod
286 1327 443 1392 eiusmodi
457 1327 700 1412 quaestionibus
721 1327 907 1412 destinarat,
924 1329 1128 1414 loquuturus.
1162 1329 1289 1418 Nempe

174 1435 208 1498 id
230 1433 348 1497 factum
371 1434 401 1495 in
416 1431 647 1514 Explanatione
671 1452 787 1496 vocum
804 1431 1010 1517 Hippocratis
1034 1455 1093 1519 pas
1106 1436 1167 1519 im,
1184 1435 1287 1520 ,inter-

174 1540 279 1623 posita
310 1538 411 1620 ipsius
447 1556 594 1616 censura,
632 1536 889 1619 renuptae,
921 1559 1015 1622 quem
1040 1537 1146 1602 locum
1170 1536 1287 1632 lubens

175 1641 336 1722 exscribo,
371 1652 437 1705 tum
461 1652 594 1723 propter
615 1641 768 1704 iudicium
792 1641 832 1704 de
855 1640 1056 1708 Dioscuridis
1085 1642 1198 1720 labore
1225 1643 1288 1724 cri·

174 1746 240 1807 tico
262 1744 432 1822 adiectum,
456 1754 524 1805 tum
547 1742 634 1826 quod
657 1741 752 1806 simul
769 1742 976 1826 Artemidori,
999 1745 1091 1808 cuius
1115 1744 1287 1834 editionem

174 1847 260 1913 haud
283 1848 412 1910 maioris
431 1844 611 1924 aestimavit
630 1865 734 1928 neque
753 1847 884 1929 saepius
902 1850 1176 1931 commemoravit,
1199 1869 1287 1928 meu·

174 1955 293 2016 tionem
307 1953 398 2015 lecit:
418 1943 660 2032 Ἀπεβροίσσετο·
683 1946 712 2013 ἐν
723 1957 767 2028 τῷ
778 1945 903 2037 πέμπτῳ
916 1960 975 2018 τῶν
990 1945 1175 2037 Ἐπιδημιῶν
1188 1951 1284 2031 οὕτως

173 2057 386 2141 Διοσκουρίδης
407 2050 523 2139 γράφει,
547 2054 598 2117 καί
628 2077 714 2137 φησιν
737 2051 828 2128 αὐτὸς
856 2055 1021 2138 δηλοῦσθαι
1048 2064 1093 2143 τῷ
1125 2054 1286 2145 ἂποβρυίσ-

175 2185 242 2227 σετο
274 2160 307 2226 τὸ
338 2157 535 2243 ἀπεβησσετο,
566 2166 624 2222 τῶν
655 2157 754 2222 ἄλλων
785 2157 894 2242 σχεδὸν
931 2156 1067 2226 ἁπάντων
1101 2158 1288 2250 ἂπεβησσετο

174 2262 356 2350 γραφόντων
393 2261 409 2327 ὁ
443 2259 499 2347 ηοίρ
530 2286 574 2350 τοι
596 2262 807 2346 Διοσκουρίδης
841 2259 926 2337 οὗτος
948 2260 1001 2330 καί,
1028 2255 1289 2349 ὁἈρτεμίδιορος

173 2365 224 2433 καὶ
238 2369 263 2449 ²)
287 2365 303 2432 ὁ
327 2363 497 2449 ἐπικληθεὶς
527 2366 663 2430 Καπίτων
692 2363 726 2429 ἐκ
748 2374 798 2430 τοῦ
823 2368 968 2452 συνήθους
997 2377 1058 2443 τοῖς
1081 2365 1287 2447 &liutsind-

147 2453 249 2555 ⁸poam
277 2468 374 2535 πολλοί
405 2466 606 2554 μετεκόμισαν,
637 2466 722 2533 οὐδὲν
751 2465 942 2556 ἀλλοιότερον
973 2475 1118 2556 δηλοῦντα
1143 2480 1197 2559 τῆς
1225 2470 1286 2559 ἀρ-

171 2577 261 2659 χαίας
282 2583 409 2660 γραφῆς,
433 2570 474 2638 ὧν
486 2569 615 2657 ἀνάγκην
635 2572 743 2656 ἔχομεν
757 2570 807 2639 καὶ
818 2575 903 2661 ἡμεῖς
914 2575 1107 2661 μνημονεύειν.
1143 2577 1286 2662 Tametsi

171 2682 268 2766 igitur
290 2680 432 2743 Galenus
455 2677 657 2742 Dioscuridis
678 2697 799 2762 operae
822 2681 854 2743 in
878 2682 1054 2766 redigendo
1078 2681 1285 2766 Hippocratis

171 2793 325 2847 contextu
356 2781 533 2846 collocatae
564 2778 650 2843 haud
680 2800 829 2865 magnam
859 2782 954 2846 fidem
984 2781 1143 2867 babuerit,
1177 2795 1284 2850 tamen

171 2894 325 2968 quantum
347 2884 387 2948 ad
410 2904 518 2947 rerum
540 2882 580 2946 ab
604 2875 802 2966 Hippocrate
830 2883 1016 2948 traditarum
1038 2884 1284 2972 illustrationem

171 3007 236 3052 non
258 2998 366 3071 potest
390 2986 537 3067 dubitari,
571 2987 648 3070 quin
671 2984 813 3048 Galenus
836 2983 1029 3050 Dioscoride
1059 2985 1180 3068 passim
1202 3007 1283 3052 usus

170 3093 230 3156 sitz
253 3112 292 3156 ac
311 3112 410 3175 saepe
432 3112 506 3155 eum
524 3090 585 3154 hac
603 3091 709 3174 operis
731 3088 782 3151 sui
800 3099 900 3171 partev
914 3089 1101 3175 nominavit,
1121 3099 1192 3173 tum
1212 3111 1284 3156 cor·

170 3197 280 3280 rigens
303 3207 335 3258 et
357 3194 615 3278 reprebendens,
639 3202 707 3256 tum
729 3211 808 3257 vero
833 3194 927 3259 etiam
954 3194 1169 3278 comprobans
1198 3195 1283 3261 eius·

171 3319 235 3385 que
258 3320 298 3363 ex
321 3299 499 3362 eruditione
521 3297 704 3381 proficiens

669 3449 697 3531 η.
727 3450 780 3513 sc.

498 3579 549 3635 De
583 3573 807 3645 Thucydide
827 3577 963 3630 notato.

159 3783 161 3789 y
185 3767 187 3771 ,
257 3711 316 3791 De¹
331 3712 497 3778 codicibus
521 3706 761 3793 superstitibus,
785 3697 974 3791 quisig'nis
997 3707 1117 3783 criticis
1134 3707 1282 3797 distincti

170 3810 292 3894 essent,
317 3815 393 3878 milii
417 3812 546 3897 quidem
565 3808 647 3874 nihil
668 3807 778 3872 adhuc
795 3809 942 3891 innotuit,
975 3825 1081 3892 neque
1111 3808 1281 3894 quicquam

224 3976 252 4041 2)
273 3934 545 4051 inducenda-copula
566 3987 617 4046 est,
636 3978 738 4049 quippe
764 3995 799 4031 ex
820 3974 1050 4052 praecedentibus
1068 3977 1139 4056 male
1157 3948 1285 4052 repetita.

275 4063 370 4134 Capito
396 4070 468 4120 cuim
492 4065 661 4122 Artemidori
687 4081 849 4134 cognomen,
889 4061 1012 4119 Galenus
1037 4065 1140 4138 Compi.
1157 4067 1186 4122 iu
1203 4066 1287 4141 Hipp.

276 4149 310 4203 de
340 4159 437 4207 natura
467 4153 585 4208 hominis
612 4151 643 4205 Τ.
672 4148 734 4204 XV.
767 4167 796 4222 p.
817 4152 866 4201 21:
903 4143 1078 4228 Ἀρτεμίδωρος
1108 4150 1121 4205 δ
1150 4149 1288 4224 ἐπικληθείς

274 4235 396 4298 Καπίτων.
