2902 4822
730 420 819 499 ‘144

225 614 376 682 versibus
397 612 501 677 tribus
524 631 565 676 ex
576 611 767 695 Aristarchi,
791 612 883 677 ouius
895 610 989 676 crisis
1008 605 1206 698 intelligitur,
1229 620 1337 678 urente

227 715 313 782 obeli
336 737 409 780 curn
439 714 616 798 asteriscis,
647 715 680 778 in
702 714 852 798 exemplo
882 712 1008 778 Veneto
1037 713 1157 779 librarii
1186 715 1338 781 socordia

227 820 372 901 omissis,
406 818 468 882 illis
497 817 661 902 simplices
683 819 830 883 asterisci
860 818 1015 903 adscripti
1044 819 1182 885 luerunt.
1225 816 1337 884 'lertio

226 941 306 988 uero
331 921 539 1006 subsequenti
561 923 670 986 versui
692 920 765 987 libri
787 943 819 988 e:

384 1048 406 1136 ἡ
429 1047 478 1132 δέ,
501 1043 598 1134 χιτῶν’
622 1047 738 1132 ἐνδύσα,
759 1048 829 1125 Διὸς
850 1045 1081 1135 νεμεληγερετάο

228 1181 387 1247 asterisco
409 1180 543 1263 insuper
566 1178 652 1263 dipla
674 1178 792 1258 addita,
827 1175 871 1244 δτι
893 1177 1026 1245 δασύνειν
1053 1181 1099 1243 δεῖ
1125 1175 1160 1243 sd
1190 1177 1233 1266 „ip
1263 1174 1340 1246 δ1“·

229 1281 391 1364 ἐπανέλαβε
422 1279 490 1367 γάρ,
527 1281 571 1357 ὡς
603 1282 677 1356 ἕδος
709 1278 802 1367 αὐτῷ,
833 1280 884 1346 τὸν
912 1280 981 1369 περὶ
1008 1290 1062 1368 τῆς
1086 1272 1223 1369 Ἀδηνῆς
1242 1279 1338 1367 λόγον.

229 1389 338 1472 Atque
358 1405 471 1451 revera
493 1387 526 1448 in
547 1384 645 1449 lliade
673 1383 796 1449 Veneta
821 1384 926 1468 diplae
954 1387 1081 1471 signum
1103 1385 1262 1451 asterisco
1284 1386 1340 1452 ad·

229 1492 357 1554 iectum.
366 1526 408 1536 -
420 1486 622 1574 Subiungens
633 1489 723 1552 iuvat
735 1489 821 1552 aliud
835 1489 988 1553 continuo
1001 1507 1141 1572 sequens
1155 1489 1339 1575 exemplum
1360 1531 1362 1535 <

229 1595 402 1680 geminum,
425 1594 455 1672 t,
478 1592 551 1656 390.
574 1591 655 1655 391:

384 1717 481 1804 βριδίν,
504 1717 588 1802 μέγα,
611 1716 757 1804 στιβαρόν,
778 1723 823 1800 τῷ
844 1716 970 1806 δάμνησι
992 1721 1095 1806 στίχας
1117 1717 1234 1807 ἀνδρῶν

384 1819 506 1907 ἡρώων,
526 1823 603 1888 τοῖσί
622 1847 655 1888 τε
675 1822 847 1890 κατέσσεται
870 1821 1090 1910 ὀβριμοπάτρη,

232 1955 288 2019 ubi
309 1951 419 2018 Schol.
443 1954 485 2018 Δ.
508 1948 676 2018 ἀδετοῦνται
697 1950 748 2018 καὶ
769 1949 858 2034 οὗτοι,
880 1949 923 2018 ὅτι
944 1950 1079 2038 ἀκαίρως
1100 1951 1213 2018 ἐκεῖθεν
1242 1952 1342 2034 (11.1,

232 2057 311 2139 746)
333 2051 565 2141 μετηνέχδησαν.
600 2055 634 2119 1ο
658 2056 807 2140 exemplo
829 2054 936 2120 Iliadis
958 2054 1084 2121 Veneto
1106 2058 1170 2123 illis
1193 2058 1343 2123 versibus

233 2161 318 2227 obeli
341 2158 459 2242 adpicti
482 2160 610 2222 omissis
633 2159 716 2223 male
739 2161 923 2251 asteriscis,
949 2161 1041 2225 alteri
1063 2159 1138 2225 loco
1161 2171 1285 2243 autern,
1308 2170 1345 2226 ut

232 2272 394 2349 parerat,
417 2262 574 2326 asterisci.
608 2260 728 2326 Similis
751 2262 943 2328 conditionis
966 2275 1016 2328 est
1037 2265 1165 2328 iteratio
1187 2282 1344 2328 versuum

232 2371 265 2449 δ,
286 2367 360 2431 406.
383 2386 431 2449 sq.
456 2375 488 2428 et
509 2365 583 2442 420,
606 2365 661 2429 ubi
684 2387 715 2430 v.
738 2364 846 2431 Schol.
870 2401 912 2415 -
935 2369 970 2448 B,
992 2367 1055 2431 27:

388 2490 423 2570 ὃς
445 2517 507 2576 σεο,
530 2492 661 2576 ἄνευθεν,
686 2491 754 2576 ἐὼν,
776 2491 852 2579 μέγα
873 2495 993 2581 κήδεται
1013 2488 1063 2582 ἠδ’
1084 2492 1219 2582 ἐλεαίρει,

233 2627 289 2692 ubi
320 2623 429 2690 Schol.
461 2620 637 2705 ἀστερίσκος
666 2621 718 2687 σὺν
751 2618 910 2710 ὀβελίσκῳ,
945 2621 989 2690 ὅτι
1020 2625 1104 2689 τοῦτο
1138 2619 1242 2708 ὀρδῶς
1267 2620 1346 2709 πρὸς

233 2729 364 2815 Πρίαμον
376 2720 451 2810 Ἴρις
472 2722 551 2807 λέγει
574 2722 625 2809 [οη
650 2724 744 2810 174]·
768 2723 832 2791 ἐπεὶ
853 2724 903 2792 καὶ
924 2727 1000 2802 τίνος
1034 2723 1120 2814 χάριν
1142 2724 1232 2793 ἐλεεῖν
1255 2724 1345 2794 αὐτὸν

234 2829 343 2918 μέλλει.
387 2828 435 2893 Ea
456 2830 528 2912 ipsa
550 2842 625 2893 nota
647 2830 756 2893 versui
777 2831 809 2892 in
833 2841 986 2894 contextu
1008 2832 1136 2914 appictn
1166 2830 1346 2915 deprehen·

236 2936 339 3017 ditur,
363 2932 566 2998 desideratur
578 2933 772 3014 asteriscus,
796 2952 892 3017 quem
913 2931 1234 3019 parallelismigratia
1251 2933 1346 3000 alteri

234 3038 309 3104 loeo
332 3035 519 3102 adscribere
540 3036 590 3099 fas
613 3046 692 3117 erat,
716 3034 847 3117 librarii,
872 3045 907 3098 ut
926 3037 1052 3120 opinor,
1076 3034 1346 3101 socordiuinlrae

236 3141 307 3205 eius
339 3138 461 3202 laboris
494 3149 586 3222 parte
615 3139 784 3222 frequenti.
815 3174 857 3185 —
890 3138 1093 3222 lnterponam
1115 3158 1215 3205 unum
1237 3136 1346 3204 locum

223 3229 373 3308 ⁴similem
395 3240 516 3326 Odyss.
538 3245 564 3321 ξ,
589 3241 671 3305 188:

391 3366 520 3452 ὁπποίης
542 3361 568 3431 δ’
591 3364 640 3434 ἐπὶ
660 3366 733 3453 νηδς
754 3366 861 3453 ἀφίκεο
868 3391 878 3448 ;
900 3377 967 3444 πῶς
990 3366 1024 3434 δέ
1047 3393 1082 3436 σε
1102 3372 1220 3437 ναῦται-

392 3471 501 3557 ἤγαγον
518 3468 560 3546 εἷς
577 3465 698 3557 Ἰθάκην
704 3494 713 3552 ;
734 3472 809 3547 τίνες
831 3473 950 3557 ἔμμεναι
971 3469 1173 3557 εὖχετόωντος

392 3574 428 3644 οδ
451 3574 501 3660 μὲν
523 3572 580 3659 γὰρ
601 3576 630 3641 τί
651 3598 686 3640 σε
707 3575 797 3650 πεζὸν
819 3571 918 3659 ὀίομαι
941 3567 1040 3642 ἐνθάδ’
1062 3574 1192 3661 ἱκέσδαι,

238 3710 294 3775 ubi
316 3706 425 3774 Schol.
448 3704 536 3768 Harl.
559 3714 591 3767 et
613 3704 652 3786 Q.
684 3697 877 3788 Ἀστερίσκος
898 3702 1069 3789 πρόσκειται
1091 3706 1163 3792 ἄχρι
1183 3707 1295 3793 στίχοιν
1308 3705 1348 3791 ί,
1387 3741 1397 3748 -

239 3808 285 3876 ὅτι
299 3813 347 3876 νῦν
364 3807 408 3884 ὥς
424 3806 501 3894 πρὸς
514 3802 632 3892 ῥάκεσιν
653 3803 848 3892 ἠμφιεσμένον
872 3802 974 3891 ὀρδῶς
996 3805 1142 3891 λέγονται·
1166 3808 1211 3885 ὡς
1225 3808 1349 3896 δὲπρδς

238 3914 290 3998 την
306 3906 439 3997 Ἀδηνᾶν
463 3908 657 3998 ὁμοιωθεῖσαν
671 3906 767 3995 Μέντη
790 3907 839 3975 καὶ
858 3911 1010 3996 βασιλικὴν
1031 3912 1161 3996 ἐχοοσαν
1182 3914 1290 4000 στολὴν
1310 3911 1348 3983 οδ

241 4012 325 4082 πάνυ.
370 4016 502 4081 Scilicet
521 4016 576 4079 isti
597 4034 714 4079 versus
736 4014 800 4077 iam
823 4034 922 4097 supra
943 4036 973 4096 α,
998 4015 1055 4078 171
1081 4017 1250 4103 leguntur,
1273 4037 1349 4085 oum

241 4131 316 4184 nota
340 4121 373 4183 in
386 4118 475 4185 Harl.
498 4116 673 4204 οἰκειότερον
693 4113 754 4182 ἀπὸ
776 4112 909 4201 Εὐμαίου
932 4114 966 4184 ἂν
988 4115 1131 4202 λέγοιντο·
1155 4116 1202 4186 διὸ
1223 4120 1256 4187 ἐν
1276 4142 1348 4188 τισιν

243 4219 299 4290 οὐκ
320 4219 468 4309 ἐφέροντο.
490 4253 532 4270 -
554 4221 642 4287 lliad.
665 4223 694 4304 ζ,
716 4221 798 4288 4902
1324 4236 1329 4251 ·
