2902 4822
548 476 555 483 -
673 438 764 547 aa·

164 631 295 707 καὶτοῖς
316 640 464 715 χορικοῖς,
498 632 603 714 μεταξύ
636 640 689 715 τῆς
710 654 742 694 τε
771 639 903 716 στροφῆς
924 631 974 698 καὶ
1001 628 1212 719 ἀντιστρόφου,
1246 631 1277 699 ἐν

164 745 224 811 τοῖς
251 733 328 800 κατὰ
349 734 556 819 περιορισμοὺς
589 733 708 808 ἀνίσους
742 730 951 816 γεγραμμένοις
984 733 1200 812 ἀναπαιστικοῒς
1229 729 1275 820 ἀφ’
1344 786 1351 798 .

166 835 292 905 ἑκάστου
305 845 506 922 περιορισμοῦ,
530 838 635 923 (quod
652 857 755 922 genus
778 835 949 900 adnotatur
970 839 1008 901 in
1022 837 1133 906 Schol.
1164 832 1286 923 Euripi

165 941 246 1009 Hec.
269 946 320 1008 59.
343 944 465 1008 Phoen.
488 945 576 1023 202)
621 942 670 1007 Cs.
693 937 803 1005 Schol.
825 940 992 1022 Aristoph.
1020 940 1105 1007 Plut.
1125 944 1200 1026 253,
1222 942 1279 1008 uhi

164 1048 237 1130 ipse
259 1045 456 1128 Hephaestio
479 1045 651 1109 laudatur.
648 1045 681 1122 3)
714 1041 886 1107 Eiusdem
894 1044 978 1128 signi
1012 1056 1045 1108 et
1073 1060 1166 1110 usus
1181 1034 1218 1109 fit
1237 1046 1280 1165 ad

166 1150 345 1216 notandam·
370 1150 573 1213 diversorum
605 1169 759 1213 versuum
786 1147 840 1210 vel
880 1149 1025 1212 colorum
1051 1151 1141 1214 intra
1172 1122 1285 1234 ipsam·

167 1257 332 1340 stropham
354 1255 394 1319 ah
417 1254 518 1318 altera
540 1263 709 1337 exceptam
739 1254 916 1336 rationem3
940 1264 1008 1317 tum
1032 1255 1074 1318 ad
1094 1256 1286 1322 discernent-¹

168 1357 226 1422 das
248 1358 393 1444 singulas
415 1356 613 1440 parahaseos
640 1367 751 1440 partes
773 1354 813 1418 ab
838 1355 943 1438 Heph.
972 1378 1004 1439 p.
1028 1358 1101 1424 131.
1130 1378 1180 1443 sq.
1201 1378 1281 1423 enu-

168 1474 307 1528 meratas
331 1464 398 1547 (τῆς
417 1460 452 1526 δέ
472 1459 675 1546 παραβάσεως
697 1468 796 1544 μερῶν
819 1458 910 1523 ὄντων
932 1457 1018 1541 ἑπτά,
1041 1458 1090 1527 ἐπὶ
1109 1460 1140 1528 ἓν
1157 1451 1286 1529 ἕκαστονΙ

167 1573 226 1628 τῶν
257 1560 482 1646 ἀπολελυμένον
508 1571 596 1646 τριῶν
623 1563 773 1646 τίθεταιὴ
802 1559 1009 1646 παράγραφος,
1039 1571 1090 1628 τοῦ
1118 1552 1281 1650 κομματέου

168 1664 219 1731 καὶ
239 1675 292 1750 τῆς
313 1661 515 1748 παραβάσεως
537 1663 587 1728 καὶ
615 1670 669 1728 τοῦ
690 1673 817 1749 μακροῦ·
852 1663 940 1730 οὐδὲν
971 1663 1056 1750 ἦττον
1089 1665 1122 1730 δὲ
1152 1665 1203 1732 καὶ
1233 1654 1283 1731 ἀνά

168 1776 220 1835 τοῦ
243 1766 350 1853 μέλους
372 1765 422 1831 καὶ
442 1775 494 1831 τοῦ
518 1761 729 1851 ἐπιβρήματος,
762 1769 796 1834 ἂν
820 1770 912 1854 μηδὲν
937 1768 1202 1856 ἀνταποδιθῶται),
1227 1772 1283 1836 de·-

169 1875 266 1956 nique
290 1873 324 1934 in
346 1872 558 1934 alternatione
580 1871 792 1934 iambicorum
814 1884 846 1936 et
870 1874 1076 1956 stropharum
1099 1894 1174 1939 sese
1196 1874 1284 1939 exci-

170 1977 325 2060 pientium
348 1976 464 2058 cuique
485 1975 638 2057 strophae
660 1979 883 2060 paragraphus
906 1979 1069 2061 adscripta
1092 1979 1239 2044 traditur.
1260 1990 1265 1997 ’

257 2080 292 2158 2)
313 2078 419 2163 ’ἳὴ
441 2078 577 2162 κορωνίς,
600 2099 619 2142 a
640 2078 750 2163 lyricis
772 2081 825 2144 vel
848 2084 1023 2146 carminum
1046 2067 1285 2166 monostrophi·

172 2206 283 2250 corum
306 2184 496 2266 subirem,
518 2182 625 2247 velin
648 2185 889 2267 antistrophicis
913 2186 1019 2269 epodo
1050 2186 1207 2252 subiecta.
1252 2188 1288 2253 Δ·

172 2291 354 2355 dramaticis
388 2288 551 2370 trifariam,
586 2287 639 2351 vel
667 2288 722 2351 ubi
744 2288 935 2353 histrionum
963 2310 1133 2354 sermones
1163 2293 1287 2356 chorus¹

172 2395 301 2478 exeipit,
323 2391 378 2456 vel
399 2393 472 2455 vice
493 2411 600 2472 versa,
622 2389 677 2454 vel
700 2391 839 2475 denique
861 2394 893 2454 in
915 2394 1050 2455 transitu
1074 2393 1116 2456 ab
1130 2384 1291 2458 nnolooo'
1322 2378 1324 2383 ¹

173 2515 292 2560 scenae
314 2495 354 2558 ad
382 2495 518 2558 alterum
547 2491 632 2575 (ἤτοι
661 2489 739 2573 ὅταν,
768 2501 827 2558 τῶν
858 2494 1022 2577 ὑποκριτῶν
1056 2491 1195 2559 εἰπόντων
1221 2491 1285 2558 τινὰ

94 2663 105 2681 ,
173 2598 222 2664 καὶ
244 2596 481 2680 ἀπαλλαγέντων,
503 2597 713 2679 καταλείπηται
735 2593 751 2658 ὁ
775 2596 888 2680 χόρος·
913 2596 952 2680 ⁴).
976 2595 995 2680 ἢ
1021 2598 1162 2680 ἔμπαλιν·
1184 2593 1289 2681 ἢάταν
1324 2578 1328 2585 ¹

174 2699 332 2788 μετάβασις
354 2699 415 2766 ἀπὸ
436 2698 529 2764 τόπου
552 2693 593 2772 εἷς
614 2695 703 2762 τόπον
725 2699 857 2780 γίνεσθαι
879 2702 955 2784 δοκῇ
976 2708 1029 2783 τῆς
1052 2699 1200 2782 σκηνῆς).Ι

260 2801 389 2885 3)><‘
375 2827 391 2866 ο
411 2800 585 2885 ἀστερίσκος
597 2819 746 2864 carminis
757 2801 853 2865 finem
865 2802 984 2866 indicat
985 2803 1199 2885 ‚insequente
1214 2819 1287 2864 ear·

173 2912 259 2974 mine
280 2909 469 2993 praesertim
492 2900 687 2989 ἑτερομέτριρ,
711 2904 799 2989 quod
820 2907 1032 2970 cummaxime
1049 2907 1083 2968 in
1101 2910 1287 2969 monostroe'

173 3014 278 3096 phieis
301 3012 407 3076 locum
430 3009 535 3075 hahet.

260 3116 307 3197 4)
322 3117 400 3190 <3)
433 3112 454 3197 ἡ
478 3112 602 3197 διπλῆ
587 3137 607 3197 η
629 3113 690 3186 ἔξω
713 3109 874 3193 βλέπουσα,
897 3115 967 3177 sive
988 3120 1146 3193 νενευκυῖα,
1177 3112 1209 3173 in
1237 3110 1286 3195 ly-

175 3226 252 3289 ricis
273 3242 358 3305 rara,
380 3223 511 3307 tragicis
533 3230 565 3284 et
587 3220 721 3284 comicis
743 3219 954 3301 frequentata,
977 3217 1021 3281 ad
1042 3213 1287 3300 significandam

229 3480 258 3546 3)
275 3466 307 3532 ln
334 3472 427 3529 verbis
450 3472 662 3546 hephaestionis
688 3490 715 3542 p.
746 3473 810 3526 tat:
849 3471 887 3546 Τῇ
909 3469 937 3522 δέ
960 3471 1122 3546 naperpapot,
1145 3456 1199 3542 άμνι
1224 3464 1286 3523 κατὰ

280 3561 399 3637 πρόσωπα
423 3566 476 3616 etc.
503 3559 634 3611 omittitur
659 3554 864 3621 aPhavorino,
888 3555 935 3624 qui
955 3553 1047 3608 locum
1064 3572 1091 3609 v.
1103 3548 1217 3629 ’κορυνέδι
1237 3568 1285 3608 ex-

279 3648 399 3719 scripsit,
417 3644 479 3719 ἧτοι,
496 3651 583 3704 recte.

233 3786 260 3856 t)
279 3784 322 3839 Cf.
345 3781 439 3838 Sehol,
458 3777 596 3850 mistoph
621 3778 685 3833 Plut
711 3781 772 3846 253,
796 3780 844 3851 qui
866 3786 952 3834 totum
969 3777 1043 3832 hunc
1072 3772 1290 3869 locumlaudato

280 3867 355 3923 sonte
372 3884 423 3921 suo
440 3865 588 3937 excerpsit.

182 3986 186 3991 Ι
231 4006 260 4080 tr)
277 4005 319 4061 Ex
338 4003 400 4065 cod.
416 4001 525 4058 Veneto
542 4007 628 4056 totum
646 3999 700 4054 hoe
716 3999 931 4072 Hephaestionis
948 4006 1030 4070 caput
1047 3998 1214 4066 continente,
1231 4011 1286 4068 quo

196 4144 199 4149 .
280 4109 348 4146 usus
377 4096 428 4157 est,
451 4087 621 4143 Villoisonus
644 4085 754 4158 Proleg.
785 4086 820 4141 ad
836 4084 914 4142 iliad.
937 4104 964 4159 p.
981 4086 1044 4140 LIX
1071 4102 1132 4141 eam
1157 4082 1240 4139 huius
1258 4087 1288 4136 et

281 4180 397 4235 alterius
415 4175 507 4247 diplae
524 4180 637 4245 figuram
655 4176 785 4240 enotavit,
803 4189 885 4246 qnam
908 4173 996 4230 codex
1021 4170 1102 4231 Rom.
1130 4186 1213 4242 supra
1237 4168 1287 4261 ‹ie-¹

247 4294 250 4301 ·
282 4266 404 4337 scriptus
420 4264 450 4317 iu
467 4261 542 4335 diple
561 4261 717 4336 ἂηρωιλιιτμ
735 4261 840 4317 obtulit
