2902 4822
707 453 732 529 8

164 640 276 709 οὐδενί·
308 651 361 730 τῆς
391 642 425 707 δὲ
446 642 613 730 κορωνίδος
638 648 724 707 τοῦτο
748 638 808 707 ἐστι
828 643 862 707 τδ
894 648 1012 727 σημεῖον
1035 640 1078 711 3·
1109 637 1222 720 λέγεται
1243 636 1277 702 δὲ

163 744 223 811 ἀπὸ
247 755 417 833 μεταφορᾶς
436 753 489 830 τῆς
518 743 547 810 ἐν
569 754 630 819 τοῖς
651 746 765 818 πλοίοις
793 741 1034 829 ἀνακεκαμμίνης
1055 743 1220 826 κορωνίδος
1239 756 1276 826 3.

256 1132 257 1135 Ν
313 1082 316 1087 -
368 1011 696 1121 nnncncnnn
721 1043 1071 1120 nnnnnlnnnn

472 1207 490 1247 a
515 1184 709 1250 Cramerc
731 1186 906 1268 vulgatum.
934 1185 958 1276 ¹)

178 1431 180 1434 ⁴
276 1393 349 1480 Περὶ
370 1405 429 1462 τῶν
451 1391 520 1482 παρ’
540 1395 742 1484 Ἀριστάρχου
766 1399 895 1483 σημείων
919 1389 1157 1481 παρατιθεμένων

617 1507 662 1584 τῷ
681 1496 818 1588 Ὀνίου·
1162 1492 1174 1501 ’

204 1642 250 1685 ..·.
317 1612 454 1699 Ὀβελός.

206 1719 262 1796 7
318 1721 411 1805 Διπλῆ
435 1719 644 1806 ἀπερίστικτος.

205 1805 258 1894 7
321 1826 414 1909 Διπλῆ
436 1823 661 1909 περιεστιγμένη.

142 1983 144 1987 ,
210 1934 240 2013 >k
317 1921 519 2012 Ἀστερίσκος.
733 1997 744 2025 ⁸

210 2036 295 2116 >Ι<-
317 2026 511 2114 Ἀστερίσκος
534 2029 606 2113 μετὰ
630 2027 746 2114 ἀβελοῡ.

216 2153 242 2221 0
314 2130 492 2218 Ἀντίσιγμα.

208 2279 221 2306 0
238 2279 251 2306 ι
325 2240 384 2304 Δύο
407 2239 528 2323 στιγμαί.

205 2370 251 2388 ···
319 2339 357 2407 Ὃ
379 2342 431 2426 μὲν
462 2343 499 2426 δὴ
523 2338 630 2424 ὀβελὸς
661 2344 851 2428 παρατίθεται
878 2343 955 2429 πρὸς
985 2341 1123 2426 ἀθέτησιν
1136 2343 1176 2418 ’λ’
1198 2341 1217 2426 ἡ
1241 2340 1275 2404 δὲ

318 2444 519 2530 ἀπερίστικτος
547 2449 696 2531 διπλῆ...
716 2448 743 2526 ³)
774 2447 851 2530 πρὸς
871 2446 925 2520 τὰς
952 2445 1158 2529 Ζηνοδοτείους
1186 2465 1277 2527 μετα-

319 2545 450 2630 γραφαῖς·
473 2545 489 2609 ὁ
514 2546 547 2611 δὲ
569 2544 743 2630 ἀστερίσκος
759 2548 836 2632 πρὸς
851 2547 888 2613 τὰ
896 2546 1031 2631 Ὀμήρου
1046 2548 1105 2630 ἔπη
1121 2545 1158 2610 τὰ
1174 2549 1279 2621 καλῶς
1295 2578 1298 2583 ·

319 2649 449 2732 κείμενα·
481 2647 498 2711 ὁ
529 2649 563 2712 δὲ
595 2646 770 2733 ἀστερίσκος
802 2647 874 2731 μετὰ
908 2644 1025 2730 ὀβολοῦ,
1059 2641 1140 2712 ὅποτ’
1175 2645 1209 2711 ἂν
1241 2643 1278 2710 τὰ

319 2749 527 2837 ἔπηὋμήρου
550 2751 601 2836 μὲν
624 2747 644 2838 ᾗ
665 2750 714 2816 διὰ
735 2750 974 2835 τοδάστερίσκου
987 2751 1162 2837 δηλούμενα,
1186 2749 1278 2816 ἀκαί-

319 2881 382 2940 ρως
405 2856 440 2921 δὲ
462 2858 580 2940 κείμενα
602 2855 651 2921 διὰ
673 2864 725 2922 τοῦ
748 2852 857 2938 ἀβελου
878 2856 1051 2939 δηλούμενα.

252 2961 294 3024 Τδ
308 2960 352 3023 ’δὲ
375 2957 525 3042 ἀντίσιγμα
546 2958 596 3024 καὶ
619 2959 732 3023 αἱδύο
765 2966 895 3043 στιγμαὶ,
929 2956 997 3024 ὅταν
1030 2959 1106 3024 κατὰ
1140 2959 1174 3022 τδ
1207 2960 1278 3042 ἑξῆς
1384 2967 1386 2970 ⁴

166 3061 211 3136 δὶς
232 3056 253 3147 ᾗ
274 3062 308 3126 τὸ
337 3059 409 3126 αιίτδ
432 3059 528 3146 νόημα
550 3063 695 3145 κείμενον·
723 3060 773 3127 καὶ
796 3061 844 3128 ἐπί
865 3063 916 3147 μὲν
943 3072 996 3129 τοῦ
1023 3061 1169 3147 προτέρου
1192 3063 1276 3128 τίδε-

164 3186 210 3227 ται
231 3163 265 3227 τὸ
288 3161 449 3246 ἀντίσιγμα,
472 3162 520 3228 ἐπὶ
543 3162 577 3227 δὲ
598 3172 652 3228 του
675 3164 811 3250 δευτέρου
835 3168 864 3232 αἱ
887 3168 940 3232 δύο
964 3168 1086 3253 στιγμαί.

271 3373 366 3432 8ο1ιοΙ.
389 3376 418 3429 in
437 3376 562 3448 Dionysii
590 3375 706 3430 Thracis
733 3377 829 3432 Artem
857 3381 885 3431 in
904 3378 1049 3432 Vilioiscni
1069 3378 1174 3432 Anecd.
1194 3377 1224 3432 Τ.
1246 3377 1278 3432 ΙΙ.

264 3480 290 3534 p.
311 3465 373 3515 108:
392 3461 428 3515 ὅτι
445 3461 461 3535 ἡ
481 3463 523 3536 μὲν
540 3461 701 3538 ὑποδιαστολὴ
720 3463 805 3539 διαιρεῖ
822 3466 854 3518 τὰ
873 3464 987 3518 δοκοῦντα
1010 3464 1127 3537 ἡνῶσθαι.
1158 3463 1277 3535 Porphy-

269 3550 328 3602 rius
346 3548 417 3619 apud
436 3548 553 3602 cundem
571 3568 600 3620 p.
621 3554 683 3603 115:
706 3551 778 3626 ἐτίδι]
802 3551 817 3625 ἡ
843 3551 910 3625 ὑμίν,
935 3552 1059 3626 διάγνωσιν
1081 3552 1221 3626 παρέχουσα
1243 3549 1279 3604 ὅτι

271 3632 383 3707 ἡνωμένη
402 3631 463 3687 ἐστὶν
482 3632 498 3707 ἡ
516 3634 587 3696 λέξις.

222 3741 248 3804 1)
267 3721 377 3791 Αυοοδ(
390 3737 478 3793 Paris.
496 3737 526 3790 T.
547 3739 591 3791 ΙΙΙ.
609 3757 627 3809 p
656 3743 707 3792 293
725 3757 760 3793 cx
779 3742 839 3814 cod.
857 3740 1015 3795 Harleiano.

220 3839 248 3908 2)
267 3838 332 3892 cod.
350 3837 484 3915 ἀδαίιησιν.

217 3944 247 4007 3)
266 3939 403 3994 Εδίίοιεπι
418 3943 471 3997 ista
490 3944 579 3997 omnia
598 3959 652 3996 nno
670 3951 766 3999 tenore
791 3946 850 3998 sinc
876 3946 1035 4017 suspicione
1053 3945 1169 3999 lacunae
1192 3946 1277 3999 conti·

272 4034 398 4080 nuantem
433 4028 502 4101 fugit
534 4030 673 4084 excidisse
706 4048 776 4102 quae
807 4031 840 4083 ad
880 4032 1071 4086 declarandam
1103 4032 1193 4104 dipiae
1224 4047 1279 4087 non

271 4118 416 4184 punctntae
434 4117 611 4184 pertinerent.
648 4115 680 4173 V.
699 4116 721 4181 ξ.
741 4118 784 4169 35.
