2902 4822
759 450 837 533 Md

241 657 374 733 teretur,
398 645 454 733 qui
473 645 583 732 potius
604 643 744 731 legendi.
763 671 771 687 ·
788 643 845 711 Sie
864 655 899 711 et
926 644 1014 730 apud
1034 655 1196 712 nostros·
1242 643 1352 730 Quan-

240 764 309 820 tum
331 752 373 817 ad
402 752 488 837 signi
507 750 654 835 figuram,
685 749 862 815 notandum
890 750 924 813 in
953 750 1067 816 oodiee
1099 749 1214 816 Isidori
1244 748 1351 817 Paris.

206 924 212 935 ,
241 855 385 922 exhiberi
414 870 473 939 (r,
521 852 610 938 quod
642 871 747 938 aeque
778 854 936 918 visiosum
969 874 1044 921 esse
1078 853 1206 919 videtur
1243 873 1284 919 ae
1315 854 1349 935 3,

241 960 330 1047 quod
359 960 455 1025 etiam
484 957 589 1024 oodex
610 955 771 1023 Aneodoti
798 954 889 1020 Rom.
912 968 1018 1041 tenet,
1047 957 1100 1023 vel
1130 954 1177 1044 5,
1203 958 1351 1023 reiieieu·

241 1063 317 1130 dum
338 1074 474 1148 propter
501 1061 665 1126 indubiam
686 1060 824 1146 figuram
851 1061 1020 1147 antisigma
1041 1057 1275 1147 περιισταμένου
1300 1061 1350 1144 d,

240 1186 325 1252 quae
345 1166 475 1251 punotis
504 1166 652 1249 utrisque
678 1174 775 1229 exuta
803 1164 909 1230 reddit
937 1167 1110 1250 genuinam
1141 1183 1178 1251 J.
1223 1165 1352 1251 Nempe

239 1272 349 1337 variae
381 1272 465 1336 istae
504 1269 588 1356 signi
622 1268 747 1354 figurae
782 1267 988 1333 librariorum
1021 1271 1148 1355 stupori
1180 1266 1350 1352 debentur,

240 1375 296 1459 qui
324 1374 436 1459 puncti
463 1372 549 1438 illius
576 1372 666 1436 iuxta
688 1373 929 1437 commemorati
958 1373 1116 1436 rationem
1149 1373 1349 1459 ignorantes,

237 1477 272 1545 id
303 1486 454 1562 putarent
486 1476 550 1559 ipsi
584 1476 678 1560 signo
714 1476 883 1560 antisigma
919 1495 1051 1560 quoquo
1082 1476 1180 1541 modo
1209 1476 1351 1543 adicien-

239 1579 316 1645 dum
338 1600 431 1646 esse:
469 1578 558 1664 quod
579 1579 677 1663 longe
699 1578 792 1642 aliter
813 1579 932 1644 babere
954 1580 1061 1643 statim
1084 1579 1276 1647 videbimus.
1318 1579 1350 1647 Λ

237 1683 323 1768 signi
345 1683 460 1769 figura,
483 1683 524 1747 de
546 1703 610 1768 qua
631 1682 724 1766 infra,
756 1683 813 1749 ubi
834 1682 877 1747 ad
898 1703 995 1746 usum
1017 1693 1200 1749 ceterorum
1221 1684 1350 1749 oritioo·

110 1790 113 1795 ’
235 1807 309 1852 rum
330 1785 577 1852 Homerieorum
606 1806 738 1869 venero,
768 1786 1079 1851 iterumdioendum
1101 1787 1172 1869 erit,
1194 1786 1238 1852 ad
1258 1799 1351 1873 pote·

236 1900 352 1959 statem
373 1890 608 1956 Aristarchiam
630 1899 773 1972 transeo,
796 1891 829 1952 in
851 1908 914 1973 qua
936 1900 1026 1954 reete
1049 1891 1274 1956 eonstituenda
1291 1893 1351 1957 mi·

234 1993 324 2058 rifiee
345 1995 467 2079 profuit
488 1994 663 2079 diligentia,
687 2011 749 2079 qua
772 2012 859 2058 nuno
880 1993 985 2057 codex
1014 1991 1200 2058 Venetusu
1223 1992 1352 2061 Cobeto

236 2095 527 2167 denuo'exoussus
549 2108 609 2163 est
655 2097 739 2162 Nam
761 2117 860 2182 quum
881 2095 964 2181 quid·
980 2099 1029 2162 rei
1050 2107 1139 2162 esset
1166 2096 1222 2163 din
1243 2099 1351 2165 baesi-

234 2202 500 2284 tarem,·tandem
524 2222 566 2266 ex
583 2201 724 2266 tenebris
747 2201 837 2264 evasi
860 2199 1158 2286 duoePluygersio,
1181 2202 1238 2286 qui
1251 2202 1351 2268 unius

235 2302 301 2369 loni
333 2305 379 2386 (b,
400 2305 587 2386 535-541)
620 2307 745 2370 ratione
778 2324 820 2369 ex
845 2303 967 2368 Codice
998 2314 1150 2369 accurate
1183 2303 1351 2389 desoripta

234 2427 304 2472 rem
326 2407 520 2473 dilucidavit·
533 2408 693 2493 simulque
714 2408 769 2473 vel
797 2409 861 2472 hoe
882 2427 947 2472 uno
976 2407 1125 2491 exemplo
1147 2407 1351 2475 demonstr·-

233 2520 303 2575 tum
332 2509 430 2594 dedit,
465 2532 549 2598 quae
580 2512 661 2577 fides
690 2511 862 2576 Villoisoni
893 2513 1058 2576 contextui
1091 2511 1262 2577 tribuenda
1295 2511 1349 2577 sit.

233 2609 510 2680 Proficiscendum
532 2617 565 2679 in
587 2616 648 2679 bae
670 2616 860 2699 quaestione
883 2635 902 2678 a
923 2613 988 2678 loci
1009 2614 1129 2679 laudati
1152 2613 1352 2696 conditione,

233 2726 323 2781 reete
345 2719 522 2801 aestimata,
547 2717 588 2782 de
611 2739 675 2803 qua
697 2718 865 2782 audiamus
888 2718 994 2801 ipsum
1016 2718 1244 2804 Pluygersium
1265 2718 1350 2803 p-dt

238 2819 310 2884 »Ad
334 2822 372 2902 Θ,
395 2821 563 2885 534—541
588 2821 759 2905 antisigma
792 2835 825 2884 et
846 2830 966 2905 puneta
998 2822 1185 2907 incorrupta
1206 2824 1352 2901 servavit

236 2921 318 2990 Ven.
341 2925 382 2988 A.

340 3044 368 3111 0
391 3025 490 3112 αὔριον
513 3025 548 3113 ἢν
571 3025 676 3113 ἀρετὴν
699 3025 856 3093 διαείσεται
877 3024 910 3093 εἴ
927 3019 955 3091 π’
978 3023 1049 3112 ἐμὸν
1070 3028 1163 3112 ἔγχος

339 3147 368 3214 0
390 3131 471 3216 μείνῃ
494 3128 712 3215 ἐπερχόμενον·
734 3123 799 3195 ἀλλ’
823 3127 853 3194 ἒν
875 3129 1032 3215 πρώτοισιν
1056 3127 1113 3196 ὀίω

341 3234 373 3297 Ο·
388 3234 517 3299 ιιτίσιται
538 3231 675 3317 οὐτηθείς
696 3231 804 3308 πολέες
825 3227 852 3297 δ’
874 3229 947 3317 ἀμφ’
970 3232 1058 3301 αὐτὸν
1080 3236 1191 3319 ἑταῖροι

345 3363 358 3388 ·
388 3333 489 3421 ἠελίου
511 3334 640 3412 ἀνίοντος
663 3335 695 3413 ἐς
722 3338 842 3423 αὔριον·
864 3335 890 3402 εἰ
910 3335 967 3423 γὰρ
991 3335 1066 3420 ἐγὼν
1088 3335 1132 3411 ὥς

238 3482 241 3488 -
344 3471 357 3496 ·
376 3426 449 3522 ¹einp
471 3437 619 3516 ἀθάνατος
639 3441 691 3507 καὶ
712 3438 834 3526 ἀγήρως
855 3440 953 3525 ἤματα
973 3438 1068 3507 πάντα

344 3578 359 3609 ι
387 3544 498 3628 τιοίμην
521 3536 547 3608 δ’
571 3543 615 3619 ὡς
635 3537 701 3609 τίετ’
721 3538 868 3627 Ἀθηναίη
891 3542 941 3610 καὶ
959 3540 1120 3610 Ἀπόλλων

388 3644 433 3720 ὧς
453 3654 502 3713 νῦν
524 3643 622 3732 ἡμέρη
644 3647 700 3731 ἥδε
720 3646 814 3713 ιιαιιὸν
837 3645 922 3734 φέρει
938 3641 1123 3732 Ἀργείοισιν.

235 3750 300 3816 Ρτο
320 3766 418 3834 000
440 3752 474 3814 in
494 3752 634 3816 editione
648 3749 880 3816 Villoisoniana
894 3771 1064 3836 perperam
1080 3753 1191 3833 διπλαῖ,
1211 3760 1350 3836 pnnota·

234 3874 298 3940 que
319 3856 450 3919 omissa.
494 3851 661 3919 Sobolium
683 3865 790 3920 autem
812 3855 957 3920 adhaec
978 3857 1071 3941 signa
1095 3855 1280 3939 pertinens:
1302 3849 1349 3919 ὅτι

233 3953 396 4040 drobnan<
418 3958 462 4022 dei
484 3958 604 4041 στίχους
625 3954 718 4041 μένειν
741 3953 789 4031 οἷς
808 3955 843 4021 τὸ
867 3954 1017 4043 ἀντίσιγμα
1042 3965 1217 4043 aspasiam
1235 3955 1256 4042 ἢ
1276 3956 1349 4032 τοὺς

234 4160 315 4248 μένοι
336 4160 392 4229 εἰσὶ
414 4160 552 4231 διάνοιαν.
573 4163 635 4229 aad.
656 4165 774 4230 iterum
795 4165 996 4249 ineptissimo
1025 4165 1245 4229 additamento
1272 4181 1347 4229 oor-

231 4277 389 4351 ruperunt
411 4266 554 4334 editores
560 4288 573 4351 ;
596 4267 766 4337 ediderunt
786 4270 872 4335 enim
893 4267 914 4354 ἡ
936 4269 1026 4356 διπλῆ
1048 4263 1093 4335 ὅτι
1112 4265 1181 4334 aet·
1201 4263 1346 4333 οίιεοτιίο
