2902 4822
676 423 753 498 113

162 618 262 683 semel
284 628 433 701 repertae
456 596 577 699 essent,
613 613 717 699 qualis
739 622 791 678 est
811 611 867 697 ἤϊα
895 635 920 695 ν,
943 614 1026 678 103τΔ
1060 634 1158 699 quam
1178 618 1271 683 vocis

164 723 390 806 proprietatem
412 718 615 784 Scholiastae
646 718 775 800 quidem
798 737 838 781 eo
862 718 990 780 nomine
1015 737 1080 782 non
1110 730 1272 804 notarunt,

163 825 248 909 dipla
270 836 377 890 tamen
399 825 510 888 versui
532 824 659 907 appicta
681 821 830 884 librarius
851 819 996 886 Venetus
1019 821 1195 907 significari
1217 844 1275 887 vo·

162 929 230 993 luit.
273 928 393 993 Posset
415 937 521 990 tamen
544 927 640 989 etiam
663 924 705 987 ob
729 944 844 989 vocem
867 921 969 1005 θώων,
1003 927 1096 990 cuius
1131 926 1172 990 de
1199 947 1275 1010 pro·
1382 912 1387 917 ’

164 1031 256 1096 sodia
278 1031 452 1114 antiquitus
476 1031 689 1111 disceptatum
711 1029 780 1110 fuit,
816 1028 922 1112 diplae
944 1029 1038 1094 locus
1068 1030 1163 1095 datus
1187 1051 1273 1116 esse,

166 1135 252 1218 quod
286 1134 406 1199 diserte
437 1134 534 1197 tradit
555 1132 665 1197 Schol.
695 1133 736 1196 A.
767 1132 887 1196 factum
921 1135 954 1216 ψ,
979 1133 1052 1214 160,
1083 1153 1149 1216 quo
1176 1153 1276 1198 versu

165 1239 285 1326 pariter
313 1249 411 1321 atque
441 1237 497 1301 illo
519 1247 625 1301 exstat
657 1256 724 1300 vox
743 1233 842 1317 ταγός,
873 1248 1003 1318 praeter
1032 1238 1119 1301 hunc
1148 1239 1182 1301 in
1211 1237 1278 1302 Ho-

165 1360 256 1404 mero
278 1360 343 1404 non
365 1350 503 1424 reperta.

253 1442 336 1507 Sunt
369 1455 538 1527 praeterea
572 1461 691 1524 voees,
726 1461 809 1525 quae
845 1442 876 1504 in
908 1441 1006 1506 lliade
1042 1465 1213 1529 nusquam,
1246 1447 1282 1509 in

167 1546 318 1631 Odyssea
341 1546 442 1610 semel
465 1545 758 1629 deprehenduntur,
782 1544 882 1607 veluti
905 1542 1003 1628 ὕμνος,
1024 1550 1055 1627 θ,
1078 1549 1158 1630 4293
1186 1571 1281 1631 κυνη-

168 1646 264 1733 γέτης,
295 1673 315 1730 ι,
340 1651 412 1730 120,
444 1652 537 1714 cuius
559 1650 632 1712 loco
665 1650 698 1710 in
725 1647 824 1711 Iliade
855 1648 991 1733 θηρητὴρ
1023 1650 1149 1733 dicitur,
1184 1663 1282 1735 atque

169 1755 265 1817 etiam
295 1753 377 1838 θήρη
413 1763 444 1815 et
477 1751 623 1836 θηρεύειν,
658 1771 817 1835 nusquam
846 1759 995 1834 κυνηγεῖν,
1031 1754 1085 1816 vel
1120 1753 1184 1817 ulla
1207 1754 1283 1819 inde

171 1856 269 1920 ducta
305 1876 381 1939 vox,
416 1867 567 1918 monente
600 1854 726 1939 Heynio
760 1855 841 1920 ons.
875 1855 917 1918 ad
951 1856 1039 1924 lliad.
1066 1879 1098 1935 vs,
1122 1858 1175 1921 49.
1215 1858 1284 1921 Ad·

119 2013 122 2018 ,
171 1960 284 2023 damus
308 1958 496 2022 adverbium
516 1957 629 2041 κουρίξ,
652 1958 772 2042 Odyss.
801 1979 832 2039 χ,
858 1957 930 2039 126,
954 1958 1083 2042 dequo
1107 1979 1136 2025 v.
1160 1958 1284 2045 Wege·

172 2083 229 2126 ner
251 2062 301 2126 De
323 2062 396 2127 aula
418 2061 559 2126 Attalica
593 2061 616 2124 1.
649 2082 680 2143 p.
717 2061 778 2123 143
800 2080 867 2143 sq.:
898 2059 1013 2142 γείτων,
1049 2062 1137 2144 quod
1159 2061 1221 2128 hac
1244 2064 1286 2128 de

173 2185 289 2231 caussa
304 2166 434 2251 notavit
456 2163 566 2229 Schol.
589 2162 677 2228 Harl.
701 2163 820 2248 Odyss.
844 2186 863 2244 t,
876 2164 920 2226 48
941 2165 975 2226 in
997 2163 1141 2228 Crameri
1159 2165 1285 2230 Aneed.

173 2268 245 2332 Par.
269 2267 304 2333 T.
327 2268 379 2332 lll.
401 2290 432 2351 p.
455 2269 529 2333 458.
573 2268 663 2350 Quos
697 2266 789 2329 locos
812 2285 877 2330 non
902 2276 1011 2349 potest
1041 2266 1180 2331 dubitari
1209 2269 1287 2334 olim

174 2369 258 2454 diple
281 2380 409 2435 notatos
431 2392 515 2436 esse.

259 2474 376 2539 Mirum
400 2473 538 2558 denique
561 2473 656 2538 debet
680 2474 791 2556 videri,
822 2473 910 2557 quod
933 2493 1031 2557 quum
1053 2474 1174 2557 passim
1197 2494 1215 2537 a
1240 2475 1287 2546 vi·

173 2576 296 2641 teribus
319 2577 399 2640 haec
421 2576 474 2642 vel
495 2576 548 2640 illa
571 2597 649 2660 vox,
672 2597 755 2661 quae
776 2578 810 2639 in
829 2575 973 2639 Homero
996 2596 1060 2639 non
1080 2578 1287 2661 reperiretur,

174 2690 283 2744 notata
313 2681 366 2762 sit,
402 2679 500 2744 veluti
521 2679 659 2764 τύραννος
687 2679 727 2743 ab
762 2679 877 2761 Hippia
912 2680 944 2741 in
975 2680 1109 2763 Argum.
1132 2677 1288 2763 Sophocl.

175 2783 255 2848 Oed.
278 2782 305 2845 Τ
306 2804 370 2868 yn,
390 2782 421 2868 ²)
445 2785 548 2847 critici
570 2783 734 2871 Homerici
767 2782 829 2846 hoc
853 2783 980 2845 nomine
1003 2782 1122 2846 nullam
1144 2780 1288 2868 Hymno·

174 2907 244 2951 rum
272 2885 383 2968 Hom,
419 2898 572 2972 quantum
604 2887 722 2969 sciam,
758 2885 1031 2967 comparationem
1064 2886 1287 2949 instituerunt:

174 2991 266 3054 ouius
299 2992 504 3072 proprietatis
535 3010 653 3054 caussa
687 3010 728 3053 ex
764 2998 856 3072 parte
890 3007 931 3051 ex
964 2988 1003 3051 iis
1037 2987 1145 3072 colligi
1168 2998 1288 3071 potest,

175 3112 258 3175 quae
281 3092 514 3176 disputavimus
546 3101 572 3167 s.
594 3094 645 3157 33.
690 3091 787 3156 Haud
808 3110 882 3155 raro
911 3091 995 3153 enim
1024 3091 1155 3153 notandi
1176 3111 1289 3156 ansam

174 3194 373 3278 habuissent,
409 3198 438 3260 si
469 3217 552 3280 quae
581 3198 614 3259 in
636 3196 779 3260 Homero
810 3214 979 3277 nusquam,
1016 3194 1075 3257 sed
1097 3195 1130 3257 in
1152 3193 1289 3279 Hymnis

176 3298 378 3380 reperiantur
413 3319 527 3382 voces,
564 3319 620 3363 eas
657 3299 828 3385 designare
864 3295 1062 3378 voluissent,
1098 3298 1202 3382 qualis
1239 3310 1290 3370 est

176 3395 322 3485 θεράπνη,
344 3400 384 3465 Η.
404 3403 440 3472 jn
463 3401 571 3485 Apoll.
590 3398 653 3467 157
658 3423 669 3484 3
692 3400 819 3486 γηρύειν,
842 3410 992 3464 monente
1015 3398 1139 3464 Wolfio
1162 3399 1203 3464 ad
1224 3400 1289 3464 He·

175 3504 258 3571 sind.
290 3502 348 3568 Th.
378 3505 438 3586 283
472 3499 580 3589 daupei,
613 3514 762 3568 monente
784 3504 969 3568 Hermanno
995 3502 1037 3565 ad
1061 3501 1100 3565 H.
1123 3503 1155 3565 in
1179 3501 1287 3585 Apoll.

177 3607 257 3690 129,
281 3603 454 3690 ἐπισχεδόν,
476 3607 517 3670 Η.
539 3609 572 3672 in
593 3606 701 3691 Apoll.
724 3608 745 3670 3
752 3627 763 3688 3
794 3605 908 3690 ὑμνεῖν;
938 3602 1043 3688 νόμος,
1074 3605 1162 3688 quod
1194 3606 1289 3669 etiam

175 3707 338 3774 Hesiodus
361 3711 497 3795 ignorat,
521 3720 553 3773 et
576 3711 664 3794 quod
685 3699 849 3774 veteribus
865 3708 986 3772 criticis
1005 3706 1059 3773 illo
1080 3709 1208 3771 nomine
1225 3707 1290 3771 iam

176 3823 319 3876 notatum
343 3813 413 3896 fuit,
436 3833 468 3880 v.
490 3813 592 3878 Lehrs
615 3813 795 3878 Aristaroh.
817 3832 849 3896 p.
873 3812 948 3877 363.
970 3830 1020 3894 sq.
1065 3808 1162 3894 Τύχη,
1185 3811 1224 3876 Η.
1256 3814 1289 3882 in

177 3913 248 3979 Cer.
271 3916 347 3998 420,
378 3915 456 3980 olim
477 3919 540 3981 iam
569 3927 701 3981 notante
730 3916 891 3980 Pausania
913 3911 967 3997 lV,
1002 3913 1054 3998 30,
1079 3913 1108 3977 3.
1142 3916 1289 3999 quamvis

176 4017 308 4082 Homeri
330 4020 458 4083 nomine
479 4021 565 4087 huno
587 4019 695 4085 locum
718 4020 930 4085 examinante.

227 4177 258 4242 2)
276 4172 343 4246 'lyri
360 4173 466 4244 insulae
482 4171 585 4226 nullam
601 4170 740 4225 etiamtum
757 4168 830 4240 apud
845 4167 993 4223 Homerum
1006 4169 1171 4224 mentionem
1186 4169 1289 4224 factum

280 4277 358 4334 esse,
375 4261 517 4319 adnotarat
534 4258 633 4317 Strabo
651 4256 724 4315 xvt.
742 4275 770 4329 p.
791 4259 865 4313 tots.
1050 4295 1087 4392 «8
