2902 4822
730 433 809 513 212

210 629 310 700 niana
330 625 467 693 Diodori
489 627 630 692 editione
651 625 734 692 locis
756 629 881 695 affectis
910 633 1032 715 passim
1054 632 1217 720 adscripta
1238 655 1335 720 repe-

215 733 351 815 riuntur,
375 732 480 817 qualis
502 754 533 797 v.
556 753 586 797 c.
609 743 659 796 cst
680 731 705 813 l,
728 733 786 815 89,
813 733 869 796 ubi
891 734 991 799 verba
1012 735 1089 801 πολὺ
1111 739 1225 821 μᾶλλον
1247 747 1333 803 aste·

203 836 305 900 *risco
327 836 545 922 designantur.
580 835 797 919 Reperiuntur
819 838 948 922 quidem
971 841 1003 902 in
1025 845 1170 927 margine
1181 827 1333 911 codicum

216 958 452 1022 saepenumero
474 940 597 1005 scholia
621 939 845 1024 lectionesque
867 944 993 1008 variae:
1017 944 1093 1008 nihil
1115 966 1206 1029 vero,
1222 968 1332 1034 ¹‹pran-

214 1049 282 1104 tum
305 1043 417 1119 sciam,
450 1054 600 1109 notarum
623 1045 823 1126 criticorum3
855 1064 961 1128 neque
992 1049 1063 1112 eius
1087 1051 1134 1112 rei
1156 1052 1331 1136 quicquam

212 1144 349 1211 inveniri
379 1157 508 1212 constat
538 1149 570 1211 in
606 1149 722 1211 »variis
745 1147 830 1210 notis
861 1159 894 1211 et
919 1149 1176 1235 additionibnsa,
1209 1156 1330 1239 quibus

213 1247 319 1312 codex
341 1248 558 1315 Coislinianus
588 1252 765 1315 instructus
788 1251 906 1315 dicitnr
934 1273 953 1316 a
976 1251 1199 1342 Wesselingic
1220 1255 1328 1323 Praei.

211 1371 244 1435 p.
268 1350 437 1418 CLXXlll.
461 1355 511 1419 ed.
534 1353 606 1437 Bip.

710 1470 738 1584 e
766 1511 819 1573 ιο.

224 1688 248 1715 ,c
298 1653 352 1721 Dee
380 1670 447 1713 usu
470 1653 668 1726 signorum
699 1650 920 1710 criticorum
948 1653 985 1711 in
1007 1655 1240 1733 Antbologia

691 1757 844 1816 Graece.

228 1905 241 1923 ¹·
299 1887 394 1954 Hand
416 1892 520 1977 magis
543 1899 671 1956 constat
694 1889 734 1953 de
757 1887 1017 1977 Epigrammatis,
1051 1913 1135 1978 quae
1153 1894 1325 1963 Reinesius

213 1993 428 2059 olimcritieis
449 1997 550 2082 signis
570 1997 725 2060 instructa
739 2008 814 2056 esse
834 1992 943 2076 refert,
966 1997 1028 2060 nisi
1046 1998 1078 2059 in
1095 1999 1325 2064 mentebabnit

206 2086 395 2163 'notationes
418 2099 574 2183 quasdam
596 2100 630 2161 in
655 2094 848 2181 Antbologia
870 2094 993 2162 Graeca
1015 2099 1139 2164 obvias.
1173 2099 1218 2166 lta
1242 2121 1324 2167 vero

202 2199 242 2264 'si
263 2202 370 2287 babet,
399 2221 491 2267 error
519 2211 570 2266 est
603 2198 756 2264 Rcinesii.
799 2197 936 2263 'l'anturn
968 2203 1052 2265 enim
1086 2187 1178 2268 abest
1206 2225 1265 2270 eae
1287 2216 1323 2270 nt

180 2364 183 2370 .
214 2327 288 2371 cum
316 2308 418 2392 signis
447 2305 656 2370 Aristarchiis
685 2323 854 2367 commune
887 2303 1005 2388 aliquid
1036 2305 1190 2389 habeant,
1224 2317 1260 2372 ut
1288 2311 1321 2372 in

210 2409 302 2496 siglis
324 2410 538 2494 diplomaticis
557 2407 746 2471 referendae
765 2409 840 2491 sint,
864 2417 896 2471 et
915 2409 1014 2472 variis
1033 2419 1069 2472 et·
1077 2409 1173 2496 longe
1186 2411 1324 2476 diversis

210 2513 426 2598 potestatibus
447 2512 622 2595 praeditae·
656 2510 774 2575 Paucis
790 2512 888 2595 igitur
902 2530 956 2575 res
977 2512 1178 2598 profliganda
1197 2524 1258 2597 est,
1282 2513 1323 2578 ad

211 2637 310 2682 unum
342 2616 487 2700 codicem
519 2613 736 2696 Antbologiae
766 2613 947 2678 Palatinum
978 2615 1145 2700 exigenda.
1198 2617 1250 2681 Ac
1282 2617 1324 2680 de

212 2716 349 2805 nota¹÷
382 2719 435 2784 vel
453 2713 510 2801 v·l.,
554 2737 615 2802 qna
647 2717 733 2784 nulla
766 2719 799 2780 in
829 2716 943 2781 codice
975 2718 1120 2782 crebrior
1151 2720 1322 2803 reperitur,

199 2826 289 2890 ‘satis
312 2825 373 2888 erit
395 2822 581 2888 adscribere
604 2840 686 2905 quae
708 2820 874 2885 adnotavit
890 2820 1324 2906 AntoniusPaulssenApc-

197 2929 325 3015 ¹graphi
348 2925 486 2991 Gothani
517 2946 590 2990 curn
612 2924 683 2988 cod.
714 2923 783 2988 Pal.
807 2923 915 2987 collati
948 2926 1161 3008 correctione,
1184 2924 1324 2990 lacobsii

211 3025 342 3098 Anthol.
366 3028 435 3094 Pal.
458 3028 607 3112 exemplo
630 3029 787 3111 subiecta,
811 3049 843 3111 p.
865 3024 959 3091 XlV:
1002 3026 1109 3092 »Varii
1132 3029 1201 3093 eius
1224 3029 1325 3114 signi·

211 3138 325 3201 ficatus
348 3136 378 3198 bi
403 3144 494 3197 sunt:
518 3132 654 3213 Quando
677 3130 824 3217 singulae
847 3130 973 3194 cuidam
996 3131 1123 3196 litterae
1145 3142 1195 3196 est
1209 3152 1324 3215 super-

192 3240 345 3327 ¹scripta,
368 3237 453 3301 banc
475 3234 527 3299 vel
549 3234 674 3317 falsam,
697 3233 750 3298 vel
769 3233 999 3318 addubitatum,
1023 3234 1077 3299 vel
1089 3235 1228 3320 deniqne
1239 3234 1324 3299 male

210 3328 330 3429 pictam
353 3357 428 3406 esse
449 3339 595 3422 indigitat
601 3359 613 3422 3
648 3357 721 3402 cnm
742 3357 822 3402 vero
844 3340 988 3424 integrae
1015 3341 1089 3404 voci
1111 3348 1166 3403 ant
1186 3357 1324 3422 praepo·

171 3490 191 3506 „
212 3450 285 3529 sita,
316 3455 370 3513 ant
400 3444 496 3519 etiam
525 3442 639 3524 altius,
674 3461 770 3525 quam
797 3451 832 3505 ut
864 3444 971 3525 possit
1000 3434 1161 3508 adunam
1183 3439 1322 3525 aliquam

211 3551 349 3615 litteram
379 3545 510 3627 referri,
541 3543 745 3627 superposita
769 3554 839 3626 est,
869 3544 955 3609 illam
977 3547 1081 3630 ipsam
1104 3545 1155 3611 vel
1177 3565 1321 3629 pravam,

211 3655 265 3719 vel
287 3653 427 3734 dnbiam,
460 3649 514 3713 vel
536 3650 620 3713 male
642 3647 817 3730 diremtum,
849 3648 902 3712 vcl
924 3649 1064 3735 deniqne
1084 3651 1268 3715 inusitatam
1290 3658 1322 3713 et

193 3743 382 3855 propterea
405 3766 519 3839 parurn
547 3753 753 3837 perspicuam
775 3771 850 3816 esse
872 3755 986 3838 arguit
1030 3752 1066 3816 Si
1096 3753 1161 3817 hoc
1182 3753 1236 3835 sit,
1258 3772 1322 3817 usu

210 3880 409 3946 persaepe
390 3854 489 3940 ven'it,
512 3866 548 3919 ut
570 3857 639 3920 eius
663 3856 821 3919 correctio
844 3854 897 3919 vel
919 3846 1133 3940 explanatio
1124 3876 1156 3920 m
1163 3857 1322 3950 margine

152 4010 157 4017 -
210 3976 345 4031 exstem«
381 3940 475 4026 Patet
497 3947 578 4024 baec
609 3958 650 4021 ad
671 3940 886 4043 librariorum,
920 3960 1048 4024 minime
1071 3946 1112 4024 nd
1135 3957 1320 4053 criticorum

209 4078 356 4135 veterum
380 4062 637 4130 eonsuetudines
659 4071 836 4145 spectare.¹
862 4060 1082 4149 Eiusdemqne
1114 4046 1248 4139 rationis
1270 4073 1321 4128 est

186 4173 298 4240 ‘aliud
320 4173 463 4258 signum,
486 4166 584 4251 qnod,
614 4165 750 4229 formam
778 4166 807 4230 si
835 4175 988 4250 spectes,
1022 4186 1095 4232 curn
1118 4165 1320 4232 Aristarcbio

211 4278 380 4359 asterisco,
403 4272 462 4356 >Q
485 4269 581 4354 plane
604 4268 764 4353 convenit,
786 4268 866 4334 nibil
886 4288 967 4336 vero
989 4289 1064 4337 cum
1086 4288 1128 4336 eu
1149 4288 1321 4336 commune
