2902 4822
744 432 823 510 312

225 626 340 712 Neque
368 627 508 714 denique
530 626 661 693 dubium
683 626 761 712 erit,
791 626 869 710 quin
891 624 1035 690 eiusdem
1066 624 1216 711 corporis
1245 626 1342 691 etiem

224 732 321 796 suerit
342 730 425 796 liber
445 728 514 816 περὶ
534 733 593 797 τῶν
617 728 773 815 Ῥωμαίων
796 725 964 812 διαλέκτου,
996 749 1092 815 quem
1113 750 1178 795 non
1200 728 1342 795 debebat

224 836 266 901 od
296 836 442 901 Flavium
470 835 704 920 Philoxenum,
737 845 979 900 antecessorem
1012 833 1342 919 Constantinopolita-

224 960 312 1025 num,
333 940 444 1007 lexici
466 941 678 1024 conditorem,
702 940 824 1005 referre
845 936 1012 1005 Weberns
1033 937 1084 1004 De
1104 938 1219 1005 latine
1239 939 1343 1023 scrip·

224 1045 268 1109 tis
300 1063 384 1129 quae
417 1042 536 1109 Graeci
568 1052 697 1109 veteres
730 1045 763 1109 in
796 1044 939 1127 linguam
971 1064 1065 1109 suam
1096 1040 1344 1125 transtulerunt,-

226 1134 381 1213 Gassellis
403 1147 497 1231 1835,
516 1146 603 1212 Part.
622 1147 644 1212 l.
667 1170 699 1232 p.
718 1149 771 1212 26.
813 1145 864 1211 Ex
880 1148 997 1212 eodem
1020 1147 1077 1212 illo
1093 1166 1197 1232 opere
1214 1148 1344 1231 possint

226 1236 356 1337 sumpta
377 1254 484 1336 putari
502 1258 586 1338 quae
603 1274 645 1317 ex
664 1252 843 1318 Philoxeno
868 1253 910 1318 de
927 1267 1036 1339 etymo
1055 1272 1086 1317 v.
1112 1251 1263 1321 Marem
1285 1270 1343 1317 ex·

225 1358 302 1451 citet
324 1356 383 1423 Ge.
397 1342 575 1423 lcecrenus
598 1344 683 1426 llist.
705 1357 741 1424 Τ.
769 1361 793 1422 1.
818 1380 849 1442 p.
869 1360 943 1424 295.
970 1358 1074 1424 Bonn.

255 1550 258 1555 Ι
307 1460 417 1556 4[Ιουοι
438 1462 557 1527 librum
579 1460 648 1548 cepi
669 1465 884 1548 διπλασιασμοῦ
905 1473 1055 1529 recenset
1080 1462 1211 1546 Suidas,
1243 1482 1345 1547 qnurn

224 1569 308 1634 duos
337 1568 457 1650 luisse,
491 1586 591 1631 unum
621 1564 689 1650 περὶ
711 1569 943 1653 διπλασιασμοῦ,
973 1569 1109 1634 alterum
1141 1565 1212 1652 πορὶ
1237 1565 1344 1634 ἀναδι-

224 1675 412 1757 πλασιασμοδ
421 1672 610 1754 inscriptos,
629 1671 757 1735 ostendi
769 1693 800 1754 p.
811 1672 892 1736 3¹7:
915 1672 971 1736 ubi
982 1692 1081 1758 quum
1099 1673 1196 1739 simul
1213 1673 1345 1739 docuis-

223 1797 305 1860 sem,
327 1795 394 1860 quo
417 1776 602 1841 discrimine
624 1776 675 1841 his
699 1774 928 1858 duplicationis
949 1776 1124 1861 generibus
1143 1778 1345 1863 grammatici

227 1881 278 1946 usi
290 1886 413 1961 essent,
426 1879 477 1943 his
491 1899 577 1945 nnnc
588 1879 672 1944 adde
683 1879 842 1944 Manuelis
853 1879 1023 1965 Mosehcp.
1036 1879 1176 1947 Gramm.
1185 1880 1346 1947 eelim

224 2006 256 2070 p.
266 1985 324 2049 28:
344 1976 565 2058 Ἀναδίπλιυσις
583 1980 646 2049 ἐστὶ
657 1982 817 2069 προσθήκη
830 1984 980 2069 συλλαβῆς
997 1981 1048 2049 διὰ
1057 1990 1118 2050 mir
1132 1982 1230 2053 atter
1240 2008 1345 2071 συμφ·

224 2087 309 2155 ώνονν
321 2088 470 2174 συλλαβὴν
481 2095 608 2154 ποιοῦσα
618 2086 795 2172 ἐπαλλήλων
809 2084 959 2171 ἐκφοράν,
984 2085 1047 2154 οἷον
1058 2092 1157 2172 κλῦθι,
1168 2086 1344 2171 nieuw)

225 2194 315 2259 idem
339 2216 372 2278 p.
388 2195 450 2259 29:
481 2189 705 2276 Διπλαοιασμός
733 2189 794 2257 ἐστι
817 2197 869 2256 τοῦ
888 2189 979 2258 αὐτοῦ
1001 2190 1163 2278 συμφώνου
1180 2192 1345 2279 προσδὴαο

224 2295 307 2373 ἐντὸς
323 2304 377 2384 τῆς
393 2294 515 2384 πρώτης
529 2295 581 2363 καὶ
590 2296 759 2370 τελευταίας
774 2299 934 2382 συλλαβῆς,
952 2293 988 2363 οὒ
1005 2304 1166 2375 ποιοῦντος.
1181 2298 1344 2385 συλλαβήν,

224 2399 288 2471 οἷον
302 2402 426 2486 ἔδεισεν,
447 2403 587 2468 ἔδδεισεν.
622 2399 670 2465 ct.
693 2399 832 2464 Phavor.
850 2399 965 2487 Eclog.
991 2422 1024 2486 p.
1042 2402 1117 2468 265.
1147 2400 1209 2467 llis
1223 2402 1346 2487 positis

222 2516 333 2593 potest
354 2507 566 2572 delectionis
590 2507 746 2571 varietate
775 2504 910 2570 indicari
939 2508 974 2572 in
993 2505 1100 2592 Etym.
1124 2505 1264 2591 Gne-p.
1284 2506 1341 2591 et,

225 2630 256 2676 v.
279 2605 426 2694 ἂλακάτη,
448 2628 532 2695 quae
555 2619 682 2693 sumpta
705 2609 856 2674 dicuntur
884 2629 927 2673 ex
955 2609 1142 2677 Philoxeno·
1156 2608 1192 2676 lr-
1206 2614 1253 2699 'coi
1273 2606 1344 2697 πιρλ

225 2711 399 2796 διπλασίων,
420 2713 476 2780 ubi
499 2723 682 2798 postremae
703 2714 779 2778 voci
800 2714 968 2780 manifeste
990 2714 1127 2781 vitiosae
1147 2726 1344 2783 succurram

226 2816 321 2885 codd.
344 2817 409 2882 duo
432 2815 719 2902 Vindohcnenres,
750 2837 887 2904 quorum
914 2841 999 2885 unus
1027 2821 1125 2885 habet
1145 2816 1215 2905 περὶ
1235 2815 1343 2887 ἀναδι-

224 2924 420 3008 πλασιασμοῡ,
453 2921 541 3008 quod
563 2925 736 3009 genuinam
758 2926 952 3008 scripturam
978 2934 1132 3009 praestat,
1163 2923 1246 2989 alter
1273 2923 1345 3011 upl

225 3027 460 3113 διπλασιασμοῦ,
492 3026 613 3093 laudati
634 3039 772 3112 uterque
794 3027 952 3093 Zeitschr.
983 3028 1057 3095 td.
1081 3027 1220 3094 Altertlt
1244 3028 1342 3095 teto.

225 3153 256 3216 p.
286 3133 392 3197 two:-
426 3144 605 3197 memoratu
638 3142 745 3197 eutem
778 3133 910 3218 dignum
943 3134 1081 3217 videtur,
1114 3131 1342 3219 Philoxenum,

224 3254 322 3320 quum
356 3254 472 3300 vocem
513 3233 650 3320 ἀλατάτη
688 3238 729 3301 ab
761 3234 836 3321 ἀκτὴ
868 3236 1012 3322 derivet,
1059 3238 1113 3303 cni
1143 3238 1268 3303 inserta
1299 3240 1345 3305 sit

223 3338 347 3405 vocalis
370 3359 400 3421 α,
422 3340 454 3402 in
477 3341 646 3406 tractando
669 3338 938 3428 ἀναδιπλασιασμῴ
960 3362 978 3405 a
1000 3340 1126 3427 vulgari
1146 3342 1245 3409 huius
1260 3342 1345 3429 fign-

221 3464 280 3508 rae
301 3451 463 3527 potestate
486 3444 629 3509 nonnihil
649 3447 829 3511 recessisse
835 3467 846 3528 3
880 3447 998 3510 etenim
1020 3445 1099 3510 illud
1120 3465 1242 3532 genus,
1276 3466 1346 3532 qno

223 3566 290 3614 vox
310 3567 375 3613 una
397 3548 503 3613 vocali
524 3550 645 3613 inserta
667 3560 854 3637 augeretur,
889 3550 1055 3633 epectasin
1082 3570 1100 3613 a
1122 3550 1345 3636 grammaticis

222 3653 355 3737 proprie
368 3651 562 3736 appellatam
578 3672 654 3717 esse
671 3652 907 3738 Moschopulns
928 3654 947 3717 l.
961 3653 982 3717 l.
996 3674 1027 3736 p.
1040 3654 1099 3738 28,
1122 3655 1247 3720 ectasin
1259 3652 1346 3721 Pm-

273 3861 303 3927 δ)
326 3858 370 3914 Aa
396 3859 541 3914 notandam
567 3861 734 3930 integrorum
763 3862 894 3915 orationis
921 3859 1105 3913 membrorum
1128 3859 1346 3930 genineticnsm

325 3963 385 4001 eam
421 3945 535 4015 figuram
566 3946 748 4002 adhibuerunt
781 3948 916 4005 rhetores,
953 3947 1081 4001 Zormcus
1115 3947 1144 3999 in
1158 3944 1347 4009 ,Boiammtii

325 4031 431 4088 anecd.
458 4032 488 4085 Τ.
508 4032 552 4091 lll.
577 4052 604 4104 p.
621 4036 688 4087 313:
706 4029 882 4095 Ἀναδὶπλωσίς
905 4034 953 4089 ἐστι
976 4033 1066 4096 λέξεων
1091 4032 1204 4109 παραφορὰ
1229 4032 1347 4107 ὶπάλλη-

324 4119 366 4178 λος
392 4118 443 4173 οἷον
460 4119 550 4194 ,,λὲγι,
569 4119 625 4195 λέγι
643 4120 750 4196 τάληθές
762 4125 779 4152 “
810 4122 903 4176 Γίνεται
923 4121 1001 4175 δὲκαὶ
1015 4121 1105 4193 μεταξὺ
1119 4118 1207 4181 illene
1221 4116 1346 4194 ὶρῷοβλη-

324 4207 406 4281 μένης,
429 4206 464 4268 ιὀς
486 4206 529 4260 τό·
560 4206 630 4276 ,ἀλλ’
660 4208 868 4275 reclamatore,
886 4207 929 4263 οὐκ
951 4208 1027 4263 ἔστι*ι
1062 4208 1207 4263 Postrema
1223 4212 1289 4261 aunt
1306 4224 1345 4261 ex

322 4293 518 4351 Demosthenis
535 4295 569 4350 te
589 4312 646 4352 cor.
665 4312 693 4366 p.
712 4299 772 4348 242.
1359 4294 1362 4299 ’
