2902 4822
742 429 817 505 104

224 624 330 692 laudis
351 621 496 688 aemulus
518 631 550 686 et
572 621 678 705 putari
700 630 733 684 et
756 619 818 683 dici
839 628 1011 702 mereatur,
1035 618 1132 683 etiam
1164 620 1205 684 ad
1227 620 1338 705 signo·

224 748 297 793 rum
320 724 432 807 usum,
469 744 542 788 cum
574 723 631 787 illo
664 743 764 806 opere
794 725 1020 804 coniunctum,
1054 722 1157 786 famae
1193 721 1337 786 nonnihil

223 830 406 895 redundare
438 827 557 892 debuit.
608 827 661 890 Ad
694 827 778 890 hanc
811 825 915 889 laudis
943 837 975 888 et
1008 827 1144 889 nominis
1180 826 1338 911 originem

222 915 365 998 accessit
399 931 486 1016 quod
509 930 541 992 in
563 939 631 992 tota
654 929 715 992 hac
738 929 869 992 notandi
898 929 1023 991 ratione
1050 928 1240 994 Aristarcho
1262 947 1339 1012 pro·

224 1037 331 1120 prium
353 1035 422 1116 fuit,
446 1033 534 1118 quod
556 1042 630 1095 ante
652 1052 726 1095 eum
748 1051 853 1114 nemo,
878 1033 931 1115 qni
951 1030 1127 1096 Homerum
1151 1032 1253 1117 signis
1276 1031 1339 1096 cri·

225 1138 298 1202 tiois
321 1137 512 1218 distinxerit,
546 1144 634 1198 tanta
655 1136 823 1220 signorum
845 1135 1000 1198 varietate
1032 1154 1111 1200 usus
1134 1146 1200 1218 est,
1233 1152 1339 1219 eaque

224 1239 268 1304 ita
291 1250 487 1323 comparata,
510 1250 546 1303 ut
569 1259 653 1324 quae
675 1237 841 1302 adhiberet
863 1238 965 1321 signa,
989 1257 1027 1300 ea
1049 1237 1091 1301 ad
1107 1236 1339 1322 significandos

228 1360 341 1406 omnes
370 1341 532 1405 iudicandi
554 1341 670 1406 modos
700 1340 851 1404 sufficere
872 1360 972 1423 posse
1001 1341 1207 1405 viderentur:
1241 1359 1338 1423 quem

226 1444 394 1522 signorum
416 1463 584 1508 numerum
605 1445 633 1508 si
656 1444 855 1526 posteriores
878 1444 1084 1528 supergressi
1105 1454 1194 1524 sunt,
1216 1443 1249 1506 id
1273 1460 1338 1505 non

225 1555 291 1611 tam
313 1546 355 1609 ab
376 1547 424 1610 rei
446 1548 590 1630 penuria,
620 1546 679 1610 sed
715 1566 734 1609 a
765 1545 904 1629 quodam
933 1546 1083 1611 laudabili
1112 1545 1220 1610 studio
1254 1563 1338 1628 quac

225 1667 245 1714 a
266 1649 421 1733 magistro
443 1650 592 1713 inchoata
613 1649 817 1731 accepissent
838 1648 1024 1731 perficiendi
1041 1648 1252 1734 repetendum
1267 1658 1336 1730 est3

226 1750 387 1835 adquam
410 1750 599 1814 industriam
628 1752 768 1815 accessit
797 1751 954 1836 quaedam
984 1751 1196 1835 amplificandi
1225 1770 1339 1816 neces·

225 1860 277 1918 tas
300 1872 341 1916 ex
364 1872 404 1916 eo
427 1863 511 1934 nata,
548 1852 635 1936 quod
664 1872 762 1937 quum
785 1853 947 1918 Homerus
970 1855 1011 1918 ab
1033 1855 1225 1919 Aristarcho
1247 1863 1339 1919 nota·

225 1964 279 2020 tus
305 1955 539 2039 posterioribus
570 1954 842 2020 adiudicandum
868 1959 1056 2040 propositus
1089 1966 1193 2039 esset,
1224 1976 1339 2041 quum·

227 2076 291 2142 que
312 2057 446 2141 insuper
467 2057 548 2120 aliae
571 2057 717 2141 aliorum,
740 2069 776 2122 ut
794 2057 942 2142 Cratetis,
967 2062 1175 2124 recensiones
1192 2058 1353 2123 Homeri·-

228 2177 343 2224 corum
364 2159 541 2223 carminum
562 2160 603 2224 ab
626 2159 829 2225 Aristarchio
852 2161 1000 2244 exemplo
1020 2163 1242 2246 discrepantes
1264 2180 1339 2227 suc·

227 2259 416 2337 cessissent,
439 2262 531 2346 ipsis,
554 2264 615 2328 nisi
637 2263 670 2325 in
687 2263 832 2346 magistri
851 2263 950 2326 verba
971 2264 1078 2343 iurare
1096 2264 1227 2347 vellent,
1252 2283 1339 2330 nova

225 2363 308 2428 ratio
340 2363 472 2428 notandi
499 2365 695 2430 instituenda
727 2365 804 2447 suit,
835 2385 899 2449 qua
933 2386 1008 2431 cum
1036 2367 1233 2432 Aristarchia
1263 2365 1341 2432 crisi

136 2497 139 2504 «
227 2466 324 2530 etiam
339 2475 521 2531 ceterorum
543 2488 661 2551 operas
676 2467 995 2550 comprehenderent.
1028 2468 1139 2554 ltaque
1157 2488 1223 2534 non
1235 2469 1341 2552 potuit

227 2566 297 2632 lieri
319 2568 396 2651 quin
417 2571 618 2650 posteriores
641 2571 809 2655 signorum
823 2571 864 2633 ab
878 2570 1066 2636 Aristarcho
1085 2571 1277 2636 traditorum
1287 2567 1341 2635 vel

228 2677 409 2754 potestates
442 2670 608 2756 paulisper
642 2683 813 2756 mutarent,
846 2673 1016 2737 ueletiam
1048 2693 1216 2737 numerum
1245 2672 1339 2738 novis

228 2773 363 2839 adiectis
385 2785 553 2860 augerent,
576 2774 609 2838 id
632 2776 720 2861 quod
741 2797 857 2840 revera
878 2776 1000 2841 factum
1021 2797 1107 2860 esse,
1130 2796 1171 2840 ex
1193 2777 1234 2842 iis
1255 2794 1340 2863 quse

226 2874 380 2962 deinceps
403 2880 581 2961 exposituri
603 2901 726 2963 sumus,
749 2879 881 2963 patebit.

313 2978 464 3045 Ceterum
486 2984 709 3048 recensionem
721 2981 854 3047 Homeri
876 2981 1106 3046 Aristarchiam
1130 2981 1339 3067 exploraturo

227 3101 293 3148 non
315 3084 586 3168 acquiescendum
609 3098 659 3151 est
681 3088 713 3149 in
735 3086 899 3149 notatione
920 3103 979 3165 per
1000 3081 1131 3148 Scholia
1153 3086 1196 3149 ad
1218 3095 1340 3150 utrum·

229 3205 292 3271 que
327 3205 457 3251 carmen
491 3189 585 3254 nobis
619 3190 744 3254 tradita.
799 3187 998 3252 Fallerentur
1028 3189 1111 3251 enim
1141 3207 1340 3274 magnopere

229 3287 284 3373 qui
306 3287 358 3352 vel
381 3290 615 3373 copiosissimis
638 3291 876 3357 commentariis
899 3290 931 3352 in
958 3289 1072 3355 codice
1094 3287 1221 3355 Veneto
1243 3291 1276 3356 A
1297 3290 1340 3355 ad

225 3389 356 3454 lliadem
379 3396 517 3458 servatis
549 3396 705 3480 integram
727 3392 907 3457 Aristarchi
938 3393 1161 3456 recensionem
1193 3392 1339 3457 exhiberi

225 3501 387 3576 putarent,
410 3496 443 3559 id
462 3497 549 3580 quod
563 3499 658 3562 etiam
672 3498 775 3580 magis
794 3494 834 3560 de
847 3495 986 3559 Scholiis
1000 3495 1033 3557 in
1046 3494 1228 3580 Odysseam
1242 3495 1340 3582 longe

225 3596 438 3680 tenuioribus,
463 3609 617 3683 quantum
630 3620 667 3663 ea
682 3620 766 3664 nunc
785 3599 911 3683 quidem
929 3608 1088 3682 prostant,
1111 3599 1220 3664 valere
1231 3599 1339 3664 debet.

225 3697 279 3765 Ad
299 3707 369 3764 rein
388 3701 588 3785 probandam
620 3722 796 3786 paucorum
820 3701 966 3765 locorum
999 3702 1159 3766 enarratio
1190 3703 1339 3768 sufficiet.

314 3801 434 3888 Odyss.
456 3807 483 3882 l,
506 3805 571 3869 582
594 3816 625 3868 ct
648 3805 712 3868 583
734 3805 775 3868 de
797 3803 949 3868 Tantalo:

382 3901 495 3971 ἑσταότ’
519 3904 549 3970 ἐν
570 3905 672 3992 λίμνη·
694 3907 714 3992 ἡ
738 3906 772 3971 δὲ
793 3903 984 3991 προσέπλαζε
1005 3906 1125 3992 γενείῳ·

379 4016 480 4075 στεῦτο
503 4007 537 4073 δὲ
559 4006 685 4093 διψάων,
706 4008 795 4074 artetur
818 4003 844 4074 δ’
866 4007 921 4073 οὐκ
943 4005 1024 4092 εἶχεν
1047 4005 1178 4074 ἑλέσθαι

225 4107 295 4176 Hos
317 4131 433 4176 versus
455 4112 679 4176 Aristarchum
701 4114 733 4177 in
756 4113 875 4197 spuriis
898 4112 1049 4176 retulisse
1072 4122 1209 4177 testatur
1226 4111 1336 4178 Schol.

226 4212 358 4282 Pindari
380 4212 505 4303 Olymp.
528 4212 552 4296 l,
575 4216 638 4279 97:
670 4235 735 4300 quo
763 4217 902 4282 fortasse
933 4214 1111 4304 explicatur
1132 4211 1338 4286 Scholiastoe
