2902 4822
733 424 812 501 248

213 620 372 687 conflatus
403 639 445 683 ex
477 640 527 686 ve.
560 619 625 683 286
658 629 690 682 et
721 618 804 702 282,
837 614 880 680 ad
910 634 1007 700 quem
1037 618 1210 685 scribentis
1238 621 1327 685 oculi

213 725 409 788 aberrarant.
453 720 596 786 Tertium
628 731 735 787 exstat
768 718 959 802 exemplum.
972 718 1055 785 Aen.
1077 720 1139 806 lx,
1172 721 1228 788 uhi
1249 732 1328 807 post

179 810 182 817 ¹
211 848 262 895 vs.
290 828 356 891 732
383 825 588 891 intruduntur
616 826 700 891 falso
733 847 782 891 vs.
814 825 881 889 726
912 834 945 889 et
975 826 1050 908 726,
1084 825 1201 892 ecdem
1230 828 1328 913 signo

212 931 321 994 notati.
355 928 477 994 Eadem
497 940 659 1014 potestate
681 931 809 1015 signum
832 927 937 1014 (-]
960 929 1079 1015 legitur
1098 932 1249 1018 utrinque
1270 932 1329 997 ad·

212 1037 368 1120 scripturn
400 1036 482 1102 Aen.
513 1033 572 1100 xli
601 1035 752 1100 versibus
780 1036 854 1100 775.
876 1035 941 1099 776
970 1045 1004 1099 et
1024 1036 1090 1100 777
1111 1036 1163 1101 bis
1184 1038 1329 1121 scriptis.

212 1138 291 1205 ltem
324 1138 390 1224 VH,
422 1138 609 1224 sea-585,
644 1139 729 1204 male
762 1141 887 1205 iteratis
918 1149 995 1224 post
1025 1161 1074 1206 vs.
1104 1142 1180 1209 615.
1205 1139 1330 1225 Quam

213 1246 297 1331 signi
319 1246 456 1332 figuram
478 1267 577 1331 quum
607 1247 712 1329 primo
735 1265 800 1309 non
832 1256 923 1309 recte
944 1244 1139 1329 descriptam
1171 1254 1330 1330 putarem,

214 1353 350 1418 edoctus
373 1374 445 1418 suna
468 1374 510 1418 ex
532 1352 662 1418 Volum·
683 1351 916 1418 Herculaneus.
939 1350 976 1417 Τ.
999 1350 1037 1434 11,
1061 1373 1126 1438 quo
1148 1352 1331 1419 Phiihdemi

213 1480 330 1525 versus
360 1460 479 1543 singuli
506 1459 591 1524 male
619 1461 769 1544 repetiti,
802 1480 832 1523 v.
854 1479 883 1523 c.
916 1456 985 1522 Col.
1008 1457 1090 1542 XX,
1123 1459 1331 1525 includuntur

213 1561 366 1650 signisC
406 1565 446 1631 Ο.
489 1564 587 1629 Aliud
610 1564 742 1629 notandi
764 1584 868 1650 genus
891 1573 924 1628 et
952 1566 1093 1629 omniurn
1114 1566 1244 1650 quidem
1265 1565 1331 1631 ire·

215 1668 470 1752 quentissimum‚
494 1669 582 1754 quod
602 1670 688 1734 linea
707 1667 900 1733 horizontah
923 1670 1083 1752 consistit,
1106 1669 1234 1736 duobus
1256 1656 1341 1735 ver-¹

214 1770 307 1835 sibus
339 1771 429 1834 initio
452 1772 671 1856 interposita,
704 1776 732 1853 ⁵)
773 1772 886 1837 cadero
922 1774 954 1838 ri
987 1772 1167 1858 iisdemque
1201 1772 1331 1860 legibus

214 1878 379 1960 appictum
400 1878 542 1961 videtur,
567 1898 647 1962 quas
672 1887 700 1954 s.
714 1880 757 1942 72
779 1879 820 1942 de
842 1900 905 1944 usu
926 1877 1118 1962 paragraphi
1139 1880 1333 1963 praesertim

214 1982 248 2045 in
272 1979 496 2047 Voluminihus
525 1981 823 2047 Herculanensibus
857 1982 1114 2065 observavimus,
1142 1984 1187 2049 ita
1210 1991 1246 2048 ut
1266 1982 1332 2049 hoc

214 2085 287 2168 ipso
318 2086 513 2171 paragraphi
541 2087 671 2151 nomine
705 2082 932 2170 appellandum
962 2084 1014 2147 sit
1066 2081 1145 2147 Rern
1182 2084 1331 2170 exemplu

215 2185 367 2252 nonnulla
391 2188 618 2272 explanabunt.
663 2188 744 2253 Aen.
768 2187 836 2270 Vll,
859 2186 939 2251 326:

343 2296 474 2380 irceqzoe
496 2295 692 2380 mediaeque
714 2303 747 2360 et
767 2295 902 2359 manino
921 2293 1026 2357 noxia
1047 2290 1147 2357 coruli

228 2438 232 2445 ·
288 2380 428 2466 'Uet
447 2408 481 2466 et
499 2402 567 2486 pree
584 2409 685 2485 pater
705 2399 837 2480 Pluton,
862 2398 961 2463 edm
981 2415 1113 2462 sorores
1133 2405 1196 2461 etc.

217 2500 276 2568 Vs.
299 2504 380 2569 353:

347 2611 539 2694 haoecdtquc
561 2632 673 2677 comae
694 2618 728 2675 ct
746 2608 897 2675 memhra'e
918 2607 1060 2674 horim
1080 2614 1181 2673 errat.

286 2695 403 2778 -Ᾱο
425 2711 501 2779 datm
520 2717 630 2801 ρήηια
652 2715 720 2780 lues
740 2714 806 2779 udo
828 2713 986 2799 sublapsa
1006 2732 1127 2779 ueneno
1149 2723 1213 2780 etc.

220 2818 343 2885 Eadem
367 2820 529 2886 distinctio
553 2821 593 2886 ad
616 2822 791 2886 notandum
816 2817 1127 2901 discernendumque
1145 2816 1335 2883 novienun·

220 2923 288 2989 tiati
307 2925 500 3009 principium
514 2928 634 3010 posita,
652 2926 709 3009 lX,
732 2926 807 2992 161.
821 2926 894 2989 162.
907 2924 981 2990 246.
994 2924 1068 3007 247,
1082 2921 1138 2987 nbi
1154 2922 1333 2989 orationem

220 3031 388 3095 exorditur
409 3031 532 3098 Aletes.
555 3033 630 3097 262.
653 3034 727 3099 263.
750 3034 832 3097 279:

348 3134 579 3221 verbumque
597 3136 691 3222 fides.
738 3138 864 3203 Contra
886 3159 979 3224 prtem
1000 3135 1085 3203 teliu
1100 3136 1196 3220 fatte·

298 3220 541 3326 Tarpeiae:
563 3240 625 3307 Mc
644 3242 739 3307 nulla
760 3242 828 3306 dice
849 3249 918 3307 tom
933 3240 1075 3327 fortibus
1095 3242 1184 3307 cruia
1204 3250 1268 3305 etc.

221 3336 278 3407 Vs.
302 3341 384 3407 323:

349 3448 445 3515 Haec
465 3471 528 3539 epo
548 3460 645 3518 ousta
666 3450 753 3517 dabo
776 3459 810 3516 et
829 3451 899 3517 loto
921 3459 952 3517 tc
973 3452 1071 3518 dietate
1092 3450 1219 3519 uam.

298 3536 408 3621 ’Ῑῖἷο
427 3564 591 3623 memorat
609 3576 780 3644 vacuoque
796 3557 917 3641 premit
937 3566 999 3621 etc.

220 3657 277 3725 Vs.
300 3661 386 3727 353:

347 3786 484 3852 carpere
501 3786 640 3854 pravom
667 3786 788 3852 equos:
820 3765 960 3832 breviter
980 3788 1052 3834 etan
1074 3768 1157 3835 talia
1178 3770 1288 3850 Nisus,

307 3873 466 3968 Qui!
485 3873 568 3936 enim
587 3874 688 3937 nertio
709 3871 809 3936 ccede
830 3881 928 3956 atquc
949 3874 1097 3959 cupidine
1113 3874 1219 3960 ferra)

347 3974 564 4058 Absistemus,
586 3978 657 4041 uit:
677 3975 837 4041 uambae
858 3978 987 4043 inunita
1003 3980 1214 4065 propinquat.

219 4091 303 4193 7)
320 4128 363 4184 De
383 4130 468 4183 variis
484 4129 589 4201 figuris,
610 4126 708 4200 quihus
731 4130 916 4203 paragraphus
940 4131 967 4183 in
991 4130 1146 4186 Latinorum
1170 4132 1280 4206 scriptis
1297 4130 1332 4185 ud

319 4215 501 4269 discernenda
520 4218 627 4288 singula
646 4219 783 4272 enuntiata
799 4218 924 4290 apposita
935 4220 1087 4291 reperitur,
1105 4234 1132 4274 v.
1147 4220 1281 4273 Partzium
1295 4216 1332 4272 ad

319 4302 462 4357 Liviannm
479 4302 660 4373 fragmentum
678 4304 713 4359 eh
730 4307 792 4377 ipso
809 4306 926 4377 primurn
943 4306 1081 4376 vulgatum
1097 4322 1124 4379 p.
1142 4310 1169 4364 6.
