<?xml version="1.0" encoding="UTF-8"?>
<!DOCTYPE html PUBLIC "-//W3C//DTD XHTML 1.0 Transitional//EN"
    "http://www.w3.org/TR/xhtml1/DTD/xhtml1-transitional.dtd">
<html xmlns="http://www.w3.org/1999/xhtml" xml:lang="en" lang="en">
 <head>
  <title>
</title>
<meta http-equiv="Content-Type" content="text/html;charset=utf-8" />
  <meta name='ocr-system' content='tesseract 3.04.00' />
  <meta name='ocr-capabilities' content='ocr_page ocr_carea ocr_par ocr_line ocrx_word'/>
</head>
<body>
  <div class='ocr_page' id='page_1' title='image "./anecdotumromanu00osangoog_0094.png"; bbox 0 0 2902 4822; ppageno 0'>
   <div class='ocr_carea' id='block_1_1' title="bbox 616 431 748 527">
    <p class='ocr_par' dir='ltr' id='par_1_1' title="bbox 616 431 748 527">
     <span class='ocr_line' id='line_1_1' title="bbox 616 431 748 527; baseline 0 0"><span class='ocrx_word' id='word_1_1' title='bbox 616 466 620 479; x_wconf 56' lang='lat'><strong><em>¹</em></strong></span> <span class='ocrx_word' id='word_1_2' title='bbox 689 431 748 527; x_wconf 74' lang='grc'>77</span> 
     </span>
    </p>
   </div>
   <div class='ocr_carea' id='block_1_2' title="bbox 162 609 1276 826">
    <p class='ocr_par' dir='ltr' id='par_1_2' title="bbox 162 609 1276 826">
     <span class='ocr_line' id='line_1_2' title="bbox 162 609 1275 716; baseline -0.002 -18"><span class='ocrx_word' id='word_1_3' title='bbox 162 641 200 707; x_wconf 89' lang='lat' dir='ltr'>ut</span> <span class='ocrx_word' id='word_1_4' title='bbox 220 628 365 716; x_wconf 79' lang='lat' dir='ltr'>uterque</span> <span class='ocrx_word' id='word_1_5' title='bbox 379 627 523 696; x_wconf 85' lang='lat' dir='ltr'>eiusdem</span> <span class='ocrx_word' id='word_1_6' title='bbox 545 628 723 695; x_wconf 84' lang='lat' dir='ltr'>sententiae</span> <span class='ocrx_word' id='word_1_7' title='bbox 745 639 895 696; x_wconf 76' lang='lat' dir='ltr'>sumeres</span> <span class='ocrx_word' id='word_1_8' title='bbox 926 619 1101 697; x_wconf 80' lang='lat' dir='ltr'>innumeris</span> <span class='ocrx_word' id='word_1_9' title='bbox 1129 609 1275 696; x_wconf 84' lang='lat' dir='ltr'>veterum</span> 
     </span>
     <span class='ocr_line' id='line_1_3' title="bbox 163 725 1276 826; baseline -0.002 -26"><span class='ocrx_word' id='word_1_10' title='bbox 163 734 247 803; x_wconf 84' lang='lat' dir='ltr'>loeis</span> <span class='ocrx_word' id='word_1_11' title='bbox 280 736 368 800; x_wconf 85' lang='lat' dir='ltr'>iuxta</span> <span class='ocrx_word' id='word_1_12' title='bbox 384 740 701 817; x_wconf 88' lang='lat' dir='ltr'>commemorentur,</span> <span class='ocrx_word' id='word_1_13' title='bbox 732 725 968 819; x_wconf 67' lang='lat' dir='ltr'>Aristophanes</span> <span class='ocrx_word' id='word_1_14' title='bbox 1000 735 1188 821; x_wconf 82' lang='lat' dir='ltr'>Byzantius,</span> <span class='ocrx_word' id='word_1_15' title='bbox 1221 733 1276 826; x_wconf 78' lang='lat' dir='ltr'>quj</span> 
     </span>
    </p>
   </div>
   <div class='ocr_carea' id='block_1_3' title="bbox 163 828 1278 1340">
    <p class='ocr_par' dir='ltr' id='par_1_3' title="bbox 163 828 1278 1340">
     <span class='ocr_line' id='line_1_4' title="bbox 165 828 1276 925; baseline -0.003 -20"><span class='ocrx_word' id='word_1_16' title='bbox 165 859 249 925; x_wconf 89' lang='lat' dir='ltr'>opus</span> <span class='ocrx_word' id='word_1_17' title='bbox 278 837 485 904; x_wconf 87' lang='lat' dir='ltr'>Homericum</span> <span class='ocrx_word' id='word_1_18' title='bbox 512 857 531 902; x_wconf 90' lang='lat' dir='ltr'>a</span> <span class='ocrx_word' id='word_1_19' title='bbox 557 832 727 902; x_wconf 85' lang='lat' dir='ltr'>Zenodoto</span> <span class='ocrx_word' id='word_1_20' title='bbox 760 828 942 904; x_wconf 78' lang='lat' dir='ltr'>inchoatum</span> <span class='ocrx_word' id='word_1_21' title='bbox 972 839 1144 904; x_wconf 86' lang='lat' dir='ltr'>absolvere</span> <span class='ocrx_word' id='word_1_22' title='bbox 1177 843 1276 922; x_wconf 91' lang='lat' dir='ltr'>quum</span> 
     </span>
     <span class='ocr_line' id='line_1_5' title="bbox 163 941 1277 1032; baseline -0.003 -24"><span class='ocrx_word' id='word_1_23' title='bbox 163 944 197 1011; x_wconf 90' lang='lat' dir='ltr'>in</span> <span class='ocrx_word' id='word_1_24' title='bbox 219 963 258 1008; x_wconf 85' lang='lat' dir='ltr'>se</span> <span class='ocrx_word' id='word_1_25' title='bbox 279 941 498 1026; x_wconf 80' lang='lat' dir='ltr'><strong>suscepisset,</strong></span> <span class='ocrx_word' id='word_1_26' title='bbox 522 959 586 1004; x_wconf 89' lang='lat' dir='ltr'>non</span> <span class='ocrx_word' id='word_1_27' title='bbox 607 943 712 1026; x_wconf 86' lang='lat' dir='ltr'>potuit</span> <span class='ocrx_word' id='word_1_28' title='bbox 735 944 812 1029; x_wconf 84' lang='lat' dir='ltr'>quin</span> <span class='ocrx_word' id='word_1_29' title='bbox 833 943 866 1006; x_wconf 91' lang='lat' dir='ltr'>in</span> <span class='ocrx_word' id='word_1_30' title='bbox 893 943 1079 1007; x_wconf 85' lang='lat' dir='ltr'>adornando</span> <span class='ocrx_word' id='word_1_31' title='bbox 1101 944 1277 1032; x_wconf 84' lang='lat' dir='ltr'>carminum</span> 
     </span>
     <span class='ocr_line' id='line_1_6' title="bbox 165 1043 1278 1131; baseline -0.003 -19"><span class='ocrx_word' id='word_1_32' title='bbox 165 1044 413 1112; x_wconf 82' lang='lat' dir='ltr'>Homerieorum</span> <span class='ocrx_word' id='word_1_33' title='bbox 446 1043 595 1128; x_wconf 87' lang='lat' dir='ltr'>exemplo</span> <span class='ocrx_word' id='word_1_34' title='bbox 631 1065 696 1109; x_wconf 94' lang='lat' dir='ltr'>non</span> <span class='ocrx_word' id='word_1_35' title='bbox 733 1046 830 1110; x_wconf 92' lang='lat' dir='ltr'>modo</span> <span class='ocrx_word' id='word_1_36' title='bbox 864 1046 994 1129; x_wconf 86' lang='lat' dir='ltr'>eadem,</span> <span class='ocrx_word' id='word_1_37' title='bbox 1030 1067 1092 1131; x_wconf 81' lang='lat' dir='ltr'>qua</span> <span class='ocrx_word' id='word_1_38' title='bbox 1119 1046 1186 1127; x_wconf 93' lang='lat' dir='ltr'>ille,</span> <span class='ocrx_word' id='word_1_39' title='bbox 1219 1063 1278 1109; x_wconf 92' lang='lat' dir='ltr'>no·</span> 
     </span>
     <span class='ocr_line' id='line_1_7' title="bbox 165 1149 1278 1235; baseline 0 -21"><span class='ocrx_word' id='word_1_40' title='bbox 165 1150 254 1215; x_wconf 88' lang='lat' dir='ltr'>tandi</span> <span class='ocrx_word' id='word_1_41' title='bbox 284 1149 409 1214; x_wconf 86' lang='lat' dir='ltr'>ratione</span> <span class='ocrx_word' id='word_1_42' title='bbox 438 1159 592 1233; x_wconf 91' lang='lat' dir='ltr'>uteretur,</span> <span class='ocrx_word' id='word_1_43' title='bbox 628 1149 687 1213; x_wconf 89' lang='lat' dir='ltr'>sed</span> <span class='ocrx_word' id='word_1_44' title='bbox 722 1149 862 1214; x_wconf 85' lang='lat' dir='ltr'>inventis</span> <span class='ocrx_word' id='word_1_45' title='bbox 893 1150 1032 1215; x_wconf 83' lang='lat' dir='ltr'>subinde</span> <span class='ocrx_word' id='word_1_46' title='bbox 1054 1149 1124 1214; x_wconf 88' lang='lat' dir='ltr'>aliis</span> <span class='ocrx_word' id='word_1_47' title='bbox 1147 1166 1278 1235; x_wconf 81' lang='lat' dir='ltr'>quoqne</span> 
     </span>
     <span class='ocr_line' id='line_1_8' title="bbox 167 1253 1277 1340; baseline -0.004 -18"><span class='ocrx_word' id='word_1_48' title='bbox 167 1255 322 1322; x_wconf 88' lang='lat' dir='ltr'>censendi</span> <span class='ocrx_word' id='word_1_49' title='bbox 350 1255 470 1337; x_wconf 90' lang='lat' dir='ltr'>modis,</span> <span class='ocrx_word' id='word_1_50' title='bbox 501 1273 571 1317; x_wconf 91' lang='lat' dir='ltr'>eam</span> <span class='ocrx_word' id='word_1_51' title='bbox 604 1254 697 1318; x_wconf 91' lang='lat' dir='ltr'>novis</span> <span class='ocrx_word' id='word_1_52' title='bbox 730 1255 844 1319; x_wconf 88' lang='lat' dir='ltr'>sormis</span> <span class='ocrx_word' id='word_1_53' title='bbox 877 1265 1011 1340; x_wconf 75' lang='lat' dir='ltr'>augeret</span> <span class='ocrx_word' id='word_1_54' title='bbox 1043 1264 1075 1317; x_wconf 88' lang='lat' dir='ltr'>et</span> <span class='ocrx_word' id='word_1_55' title='bbox 1108 1253 1277 1336; x_wconf 78' lang='lat' dir='ltr'><strong>expoliret.</strong></span> 
     </span>
    </p>
   </div>
   <div class='ocr_carea' id='block_1_4' title="bbox 166 1356 1375 1445">
    <p class='ocr_par' dir='ltr' id='par_1_4' title="bbox 166 1356 1375 1445">
     <span class='ocr_line' id='line_1_9' title="bbox 166 1356 1375 1445; baseline -0.003 -19"><span class='ocrx_word' id='word_1_56' title='bbox 166 1358 294 1426; x_wconf 76' lang='lat' dir='ltr'>Etenim</span> <span class='ocrx_word' id='word_1_57' title='bbox 315 1368 451 1445; x_wconf 77' lang='lat' dir='ltr'>&#39;praeter</span> <span class='ocrx_word' id='word_1_58' title='bbox 486 1356 616 1422; x_wconf 87' lang='lat' dir='ltr'>obelum</span> <span class='ocrx_word' id='word_1_59' title='bbox 644 1356 855 1423; x_wconf 87' lang='lat' dir='ltr'>aZenodoto</span> <span class='ocrx_word' id='word_1_60' title='bbox 890 1368 1059 1442; x_wconf 83' lang='lat' dir='ltr'>acceptum</span> <span class='ocrx_word' id='word_1_61' title='bbox 1092 1359 1187 1422; x_wconf 90' lang='lat' dir='ltr'>etiam</span> <span class='ocrx_word' id='word_1_62' title='bbox 1216 1356 1279 1422; x_wconf 91' lang='lat' dir='ltr'>alia</span> <span class='ocrx_word' id='word_1_63' title='bbox 1373 1439 1375 1443; x_wconf 19' lang='grc' dir='ltr'>ι</span> 
     </span>
    </p>
   </div>
   <div class='ocr_carea' id='block_1_5' title="bbox 167 1459 1353 4034">
    <p class='ocr_par' dir='ltr' id='par_1_5' title="bbox 167 1459 1353 2695">
     <span class='ocr_line' id='line_1_10' title="bbox 167 1459 1278 1549; baseline -0.005 -19"><span class='ocrx_word' id='word_1_64' title='bbox 167 1465 260 1549; x_wconf 79' lang='lat' dir='ltr'>signa</span> <span class='ocrx_word' id='word_1_65' title='bbox 283 1463 436 1543; x_wconf 82' lang='lat' dir='ltr'><strong>Homero,</strong></span> <span class='ocrx_word' id='word_1_66' title='bbox 466 1461 507 1526; x_wconf 90' lang='lat' dir='ltr'>de</span> <span class='ocrx_word' id='word_1_67' title='bbox 530 1481 594 1547; x_wconf 91' lang='lat' dir='ltr'>quc</span> <span class='ocrx_word' id='word_1_68' title='bbox 617 1461 689 1526; x_wconf 88' lang='lat' dir='ltr'>solo</span> <span class='ocrx_word' id='word_1_69' title='bbox 711 1482 797 1527; x_wconf 87' lang='lat' dir='ltr'>nunc</span> <span class='ocrx_word' id='word_1_70' title='bbox 815 1461 943 1548; x_wconf 87' lang='lat' dir='ltr'>loquor,</span> <span class='ocrx_word' id='word_1_71' title='bbox 978 1481 1052 1526; x_wconf 91' lang='lat' dir='ltr'>cum</span> <span class='ocrx_word' id='word_1_72' title='bbox 1081 1459 1278 1544; x_wconf 83' lang='lat' dir='ltr'>adhibuisse,</span> 
     </span>
     <span class='ocr_line' id='line_1_11' title="bbox 169 1559 1279 1652; baseline -0.003 -20"><span class='ocrx_word' id='word_1_73' title='bbox 169 1568 324 1634; x_wconf 78' lang='lat' dir='ltr'>doeemur</span> <span class='ocrx_word' id='word_1_74' title='bbox 346 1589 387 1633; x_wconf 87' lang='lat' dir='ltr'>ex</span> <span class='ocrx_word' id='word_1_75' title='bbox 408 1565 519 1631; x_wconf 86' lang='lat' dir='ltr'>Schol.</span> <span class='ocrx_word' id='word_1_76' title='bbox 542 1564 655 1629; x_wconf 88' lang='lat' dir='ltr'>Ambr.</span> <span class='ocrx_word' id='word_1_77' title='bbox 667 1565 787 1652; x_wconf 88' lang='lat' dir='ltr'>Odyss.</span> <span class='ocrx_word' id='word_1_78' title='bbox 805 1589 834 1649; x_wconf 81' lang='grc' dir='ltr'>γ,</span> <span class='ocrx_word' id='word_1_79' title='bbox 856 1568 892 1631; x_wconf 79' lang='lat' dir='ltr'>ut</span> <span class='ocrx_word' id='word_1_80' title='bbox 909 1587 917 1630; x_wconf 90' lang='lat'>:</span> <span class='ocrx_word' id='word_1_81' title='bbox 933 1559 975 1631; x_wconf 81' lang='grc' dir='ltr'>Ὦ</span> <span class='ocrx_word' id='word_1_82' title='bbox 998 1569 1084 1638; x_wconf 75' lang='grc' dir='ltr'><strong>ξεῖνοι</strong></span> <span class='ocrx_word' id='word_1_83' title='bbox 1104 1565 1178 1640; x_wconf 81' lang='grc' dir='ltr'><strong>τίνες</strong></span> <span class='ocrx_word' id='word_1_84' title='bbox 1198 1561 1279 1650; x_wconf 76' lang='grc' dir='ltr'><strong>ἐστί]</strong></span> 
     </span>
     <span class='ocr_line' id='line_1_12' title="bbox 169 1664 1280 1757; baseline -0.002 -21"><span class='ocrx_word' id='word_1_85' title='bbox 169 1670 248 1748; x_wconf 81' lang='grc' dir='ltr'><strong>Τοὺς</strong></span> <span class='ocrx_word' id='word_1_86' title='bbox 270 1667 330 1757; x_wconf 81' lang='grc' dir='ltr'><strong>μετ’</strong></span> <span class='ocrx_word' id='word_1_87' title='bbox 360 1669 449 1738; x_wconf 76' lang='grc' dir='ltr'><strong>αὐτὸν</strong></span> <span class='ocrx_word' id='word_1_88' title='bbox 470 1677 549 1755; x_wconf 75' lang='grc' dir='ltr'><strong>τρεῖς</strong></span> <span class='ocrx_word' id='word_1_89' title='bbox 581 1667 701 1751; x_wconf 80' lang='grc' dir='ltr'><strong>στίχους</strong></span> <span class='ocrx_word' id='word_1_90' title='bbox 730 1665 747 1734; x_wconf 89' lang='grc' dir='ltr'>ὁ</span> <span class='ocrx_word' id='word_1_91' title='bbox 770 1669 821 1754; x_wconf 80' lang='grc' dir='ltr'>μὲν</span> <span class='ocrx_word' id='word_1_92' title='bbox 840 1664 1060 1755; x_wconf 74' lang='grc' dir='ltr'>Ἀριστοφάνης</span> <span class='ocrx_word' id='word_1_93' title='bbox 1090 1664 1198 1734; x_wconf 75' lang='grc' dir='ltr'><strong>ἐνθάδε</strong></span> <span class='ocrx_word' id='word_1_94' title='bbox 1220 1691 1280 1755; x_wconf 84' lang='grc' dir='ltr'>ση-</span> 
     </span>
     <span class='ocr_line' id='line_1_13' title="bbox 169 1768 1281 1860; baseline 0.001 -20"><span class='ocrx_word' id='word_1_95' title='bbox 169 1781 299 1860; x_wconf 73' lang='lat' dir='ltr'>petauro</span> <span class='ocrx_word' id='word_1_96' title='bbox 325 1781 387 1851; x_wconf 83' lang='grc' dir='ltr'><strong>τοῖς</strong></span> <span class='ocrx_word' id='word_1_97' title='bbox 414 1772 613 1858; x_wconf 79' lang='grc' dir='ltr'><strong>ἀστερίσκοις·</strong></span> <span class='ocrx_word' id='word_1_98' title='bbox 642 1768 691 1838; x_wconf 81' lang='grc' dir='ltr'>ὅτε</span> <span class='ocrx_word' id='word_1_99' title='bbox 720 1772 754 1839; x_wconf 78' lang='grc' dir='ltr'>δὲ</span> <span class='ocrx_word' id='word_1_100' title='bbox 785 1772 844 1840; x_wconf 86' lang='grc' dir='ltr'>ὑπὸ</span> <span class='ocrx_word' id='word_1_101' title='bbox 876 1781 928 1840; x_wconf 82' lang='grc' dir='ltr'>τοῦ</span> <span class='ocrx_word' id='word_1_102' title='bbox 950 1772 1117 1846; x_wconf 80' lang='grc' dir='ltr'><strong>Κύκλωπος</strong></span> <span class='ocrx_word' id='word_1_103' title='bbox 1149 1769 1281 1857; x_wconf 76' lang='grc' dir='ltr'><strong>λέγονται</strong></span> 
     </span>
     <span class='ocr_line' id='line_1_14' title="bbox 169 1872 1353 1965; baseline 0.001 -22"><span class='ocrx_word' id='word_1_104' title='bbox 169 1875 222 1943; x_wconf 81' lang='grc' dir='ltr'>καὶ</span> <span class='ocrx_word' id='word_1_105' title='bbox 255 1874 428 1960; x_wconf 77' lang='grc' dir='ltr'>ὀβελίσκους</span> <span class='ocrx_word' id='word_1_106' title='bbox 456 1879 487 1964; x_wconf 83' lang='lat'>¹)</span> <span class='ocrx_word' id='word_1_107' title='bbox 516 1883 577 1952; x_wconf 82' lang='grc' dir='ltr'><strong>τοῖς</strong></span> <span class='ocrx_word' id='word_1_108' title='bbox 610 1872 793 1962; x_wconf 81' lang='grc' dir='ltr'><strong>ἆσττρίσκοις</strong></span> <span class='ocrx_word' id='word_1_109' title='bbox 819 1879 1032 1965; x_wconf 74' lang='grc' dir='ltr'><strong>παρατίθησιν,</strong></span> <span class='ocrx_word' id='word_1_110' title='bbox 1069 1875 1114 1952; x_wconf 83' lang='grc' dir='ltr'>ὡς</span> <span class='ocrx_word' id='word_1_111' title='bbox 1149 1874 1281 1944; x_wconf 75' lang='grc' dir='ltr'><strong>ἐντεῦθεν</strong></span> <span class='ocrx_word' id='word_1_112' title='bbox 1345 1912 1353 1929; x_wconf 50' lang='grc' dir='ltr'><strong>ν</strong></span> 
     </span>
     <span class='ocr_line' id='line_1_15' title="bbox 170 1979 1281 2067; baseline 0 -21"><span class='ocrx_word' id='word_1_113' title='bbox 170 1979 418 2067; x_wconf 76' lang='grc' dir='ltr'><strong>ριτενηνεγρένων</strong></span> <span class='ocrx_word' id='word_1_114' title='bbox 450 1989 510 2046; x_wconf 82' lang='grc' dir='ltr'>τῶν</span> <span class='ocrx_word' id='word_1_115' title='bbox 543 1981 662 2063; x_wconf 84' lang='grc' dir='ltr'><strong>στίχων.</strong></span> <span class='ocrx_word' id='word_1_116' title='bbox 707 1981 769 2064; x_wconf 82' lang='lat' dir='ltr'>Qui</span> <span class='ocrx_word' id='word_1_117' title='bbox 803 1982 895 2048; x_wconf 88' lang='lat' dir='ltr'>loeus</span> <span class='ocrx_word' id='word_1_118' title='bbox 928 1982 1075 2067; x_wconf 91' lang='lat' dir='ltr'>pluribus</span> <span class='ocrx_word' id='word_1_119' title='bbox 1098 1979 1281 2046; x_wconf 80' lang='lat' dir='ltr'>nominibus</span> 
     </span>
     <span class='ocr_line' id='line_1_16' title="bbox 171 2084 1282 2170; baseline -0.003 -18"><span class='ocrx_word' id='word_1_120' title='bbox 171 2086 389 2168; x_wconf 86' lang='lat' dir='ltr'>memorabilis</span> <span class='ocrx_word' id='word_1_121' title='bbox 412 2098 473 2169; x_wconf 89' lang='lat' dir='ltr'>est,</span> <span class='ocrx_word' id='word_1_122' title='bbox 497 2084 609 2169; x_wconf 81' lang='lat' dir='ltr'>utqui</span> <span class='ocrx_word' id='word_1_123' title='bbox 632 2104 696 2148; x_wconf 91' lang='lat' dir='ltr'>non</span> <span class='ocrx_word' id='word_1_124' title='bbox 720 2086 817 2151; x_wconf 85' lang='lat' dir='ltr'>rnodo</span> <span class='ocrx_word' id='word_1_125' title='bbox 840 2086 974 2151; x_wconf 84' lang='lat' dir='ltr'>obelisci</span> <span class='ocrx_word' id='word_1_126' title='bbox 1005 2085 1202 2170; x_wconf 90' lang='lat' dir='ltr'>aliarumque</span> <span class='ocrx_word' id='word_1_127' title='bbox 1224 2103 1282 2149; x_wconf 92' lang='lat' dir='ltr'>no-</span> 
     </span>
     <span class='ocr_line' id='line_1_17' title="bbox 171 2189 1283 2273; baseline -0.002 -19"><span class='ocrx_word' id='word_1_128' title='bbox 171 2200 276 2254; x_wconf 86' lang='lat' dir='ltr'>tarum</span> <span class='ocrx_word' id='word_1_129' title='bbox 299 2210 394 2254; x_wconf 90' lang='lat' dir='ltr'>usum</span> <span class='ocrx_word' id='word_1_130' title='bbox 416 2189 594 2271; x_wconf 88' lang='lat' dir='ltr'>confirmet,</span> <span class='ocrx_word' id='word_1_131' title='bbox 617 2189 677 2253; x_wconf 91' lang='lat' dir='ltr'>sed</span> <span class='ocrx_word' id='word_1_132' title='bbox 701 2210 811 2254; x_wconf 88' lang='lat' dir='ltr'>earum</span> <span class='ocrx_word' id='word_1_133' title='bbox 843 2189 938 2255; x_wconf 90' lang='lat' dir='ltr'>simul</span> <span class='ocrx_word' id='word_1_134' title='bbox 971 2199 1150 2273; x_wconf 79' lang='lat' dir='ltr'>potestates</span> <span class='ocrx_word' id='word_1_135' title='bbox 1174 2200 1283 2253; x_wconf 82' lang='lat' dir='ltr'>osten-</span> 
     </span>
     <span class='ocr_line' id='line_1_18' title="bbox 172 2290 1282 2378; baseline -0.003 -21"><span class='ocrx_word' id='word_1_136' title='bbox 172 2291 238 2357; x_wconf 82' lang='lat' dir='ltr'>dat.</span> <span class='ocrx_word' id='word_1_137' title='bbox 283 2292 399 2378; x_wconf 79' lang='lat' dir='ltr'>Agitur</span> <span class='ocrx_word' id='word_1_138' title='bbox 422 2292 462 2356; x_wconf 92' lang='lat' dir='ltr'>de</span> <span class='ocrx_word' id='word_1_139' title='bbox 496 2291 644 2357; x_wconf 87' lang='lat' dir='ltr'>versibus</span> <span class='ocrx_word' id='word_1_140' title='bbox 678 2290 860 2358; x_wconf 79' lang='lat' dir='ltr'>Homericis</span> <span class='ocrx_word' id='word_1_141' title='bbox 892 2303 1040 2377; x_wconf 84' lang='lat' dir='ltr'>quatuor,</span> <span class='ocrx_word' id='word_1_142' title='bbox 1074 2292 1127 2357; x_wconf 90' lang='lat' dir='ltr'>ubi</span> <span class='ocrx_word' id='word_1_143' title='bbox 1150 2290 1282 2357; x_wconf 90' lang='lat' dir='ltr'>Nestori</span> 
     </span>
     <span class='ocr_line' id='line_1_19' title="bbox 170 2393 1239 2481; baseline 0.001 -23"><span class='ocrx_word' id='word_1_144' title='bbox 170 2395 365 2478; x_wconf 88' lang='lat' dir='ltr'>tribuuntur,</span> <span class='ocrx_word' id='word_1_145' title='bbox 386 2400 408 2479; x_wconf 83' lang='grc' dir='ltr'>ἰ,</span> <span class='ocrx_word' id='word_1_146' title='bbox 422 2397 497 2479; x_wconf 78' lang='lat'>252,</span> <span class='ocrx_word' id='word_1_147' title='bbox 520 2395 576 2458; x_wconf 94' lang='lat' dir='ltr'>ubi</span> <span class='ocrx_word' id='word_1_148' title='bbox 598 2393 774 2481; x_wconf 88' lang='lat' dir='ltr'>aCyclope</span> <span class='ocrx_word' id='word_1_149' title='bbox 796 2396 1052 2479; x_wconf 82' lang='lat' dir='ltr'>pronuntiantur,</span> <span class='ocrx_word' id='word_1_150' title='bbox 1075 2394 1239 2479; x_wconf 80' lang='lat' dir='ltr'>repetitisr</span> 
     </span>
     <span class='ocr_line' id='line_1_20' title="bbox 187 2493 1125 2584; baseline 0.003 -22"><span class='ocrx_word' id='word_1_151' title='bbox 187 2554 191 2562; x_wconf 80' lang='grc'><strong>.</strong></span> <span class='ocrx_word' id='word_1_152' title='bbox 266 2493 308 2566; x_wconf 75' lang='grc' dir='ltr'><strong>Ὠ</strong></span> <span class='ocrx_word' id='word_1_153' title='bbox 332 2504 428 2584; x_wconf 74' lang='grc' dir='ltr'><strong>ξεῖνοι,</strong></span> <span class='ocrx_word' id='word_1_154' title='bbox 449 2499 524 2574; x_wconf 86' lang='grc' dir='ltr'><strong>τίνες</strong></span> <span class='ocrx_word' id='word_1_155' title='bbox 545 2495 627 2577; x_wconf 73' lang='grc' dir='ltr'><strong>ἐστές</strong></span> <span class='ocrx_word' id='word_1_156' title='bbox 649 2494 741 2563; x_wconf 81' lang='grc' dir='ltr'><strong>πόθεν</strong></span> <span class='ocrx_word' id='word_1_157' title='bbox 764 2501 861 2564; x_wconf 76' lang='grc' dir='ltr'><strong>πλεῖθ’</strong></span> <span class='ocrx_word' id='word_1_158' title='bbox 885 2495 960 2584; x_wconf 81' lang='grc' dir='ltr'><strong>ὑγρὰ</strong></span> <span class='ocrx_word' id='word_1_159' title='bbox 980 2495 1125 2578; x_wconf 71' lang='grc' dir='ltr'><strong>κέλευθος</strong></span> 
     </span>
     <span class='ocr_line' id='line_1_21' title="bbox 187 2600 986 2695; baseline 0.001 -27"><span class='ocrx_word' id='word_1_160' title='bbox 187 2613 191 2618; x_wconf 85' lang='grc'><em>’</em></span> <span class='ocrx_word' id='word_1_161' title='bbox 274 2601 296 2688; x_wconf 75' lang='grc' dir='ltr'><em>ἤ</em></span> <span class='ocrx_word' id='word_1_162' title='bbox 316 2625 343 2668; x_wconf 93' lang='grc' dir='ltr'>τι</span> <span class='ocrx_word' id='word_1_163' title='bbox 363 2600 440 2695; x_wconf 74' lang='grc' dir='ltr'><strong>κατὰ</strong></span> <span class='ocrx_word' id='word_1_164' title='bbox 461 2604 574 2689; x_wconf 74' lang='grc' dir='ltr'><strong>πρῆξιν,</strong></span> <span class='ocrx_word' id='word_1_165' title='bbox 597 2600 617 2687; x_wconf 71' lang='grc' dir='ltr'>ἢ</span> <span class='ocrx_word' id='word_1_166' title='bbox 640 2602 789 2687; x_wconf 78' lang='grc' dir='ltr'><strong>μαψιδίως</strong></span> <span class='ocrx_word' id='word_1_167' title='bbox 811 2600 986 2686; x_wconf 74' lang='grc' dir='ltr'><strong>ἀλάλησθες</strong></span> 
     </span>
    </p>

    <p class='ocr_par' dir='ltr' id='par_1_6' title="bbox 259 2701 1042 2791">
     <span class='ocr_line' id='line_1_22' title="bbox 259 2701 1042 2791; baseline -0.001 -18"><span class='ocrx_word' id='word_1_168' title='bbox 259 2703 382 2773; x_wconf 80' lang='grc' dir='ltr'><strong>οἷοίτε</strong></span> <span class='ocrx_word' id='word_1_169' title='bbox 403 2709 561 2791; x_wconf 77' lang='grc' dir='ltr'><strong>ληϊστῆρες</strong></span> <span class='ocrx_word' id='word_1_170' title='bbox 583 2703 668 2790; x_wconf 73' lang='grc' dir='ltr'><strong>ὑπεὶρ</strong></span> <span class='ocrx_word' id='word_1_171' title='bbox 690 2704 759 2771; x_wconf 79' lang='grc' dir='ltr'><strong>ἅλα.</strong></span> <span class='ocrx_word' id='word_1_172' title='bbox 781 2707 827 2772; x_wconf 94' lang='grc' dir='ltr'>τοί</span> <span class='ocrx_word' id='word_1_173' title='bbox 846 2701 869 2771; x_wconf 86' lang='grc' dir='ltr'>τ’</span> <span class='ocrx_word' id='word_1_174' title='bbox 893 2703 1042 2773; x_wconf 79' lang='grc' dir='ltr'><strong>ἀλόωνται</strong></span> 
     </span>
    </p>

    <p class='ocr_par' dir='ltr' id='par_1_7' title="bbox 170 2805 1289 4034">
     <span class='ocr_line' id='line_1_23' title="bbox 266 2805 1084 2896; baseline 0 -19"><span class='ocrx_word' id='word_1_175' title='bbox 266 2808 376 2896; x_wconf 76' lang='grc' dir='ltr'><strong>’ψυχὰς</strong></span> <span class='ocrx_word' id='word_1_176' title='bbox 394 2805 582 2894; x_wconf 68' lang='grc' dir='ltr'><strong>παρθέμενοι,</strong></span> <span class='ocrx_word' id='word_1_177' title='bbox 604 2806 697 2875; x_wconf 76' lang='grc' dir='ltr'><strong>κακὸν</strong></span> <span class='ocrx_word' id='word_1_178' title='bbox 720 2806 916 2877; x_wconf 79' lang='grc' dir='ltr'><strong>ἀλλοδαποῖσι</strong></span> <span class='ocrx_word' id='word_1_179' title='bbox 938 2808 1084 2896; x_wconf 77' lang='grc' dir='ltr'><strong>φέροντες.</strong></span> 
     </span>
     <span class='ocr_line' id='line_1_24' title="bbox 171 2909 1283 3001; baseline -0.001 -23"><span class='ocrx_word' id='word_1_180' title='bbox 171 2913 264 2998; x_wconf 86' lang='lat' dir='ltr'>Quae</span> <span class='ocrx_word' id='word_1_181' title='bbox 286 2915 449 2980; x_wconf 89' lang='lat' dir='ltr'>versuum</span> <span class='ocrx_word' id='word_1_182' title='bbox 463 2909 639 2978; x_wconf 86' lang='lat' dir='ltr'>eorundem</span> <span class='ocrx_word' id='word_1_183' title='bbox 662 2916 810 2997; x_wconf 87' lang='lat' dir='ltr'>repetitio</span> <span class='ocrx_word' id='word_1_184' title='bbox 839 2935 938 2999; x_wconf 92' lang='lat' dir='ltr'>quum</span> <span class='ocrx_word' id='word_1_185' title='bbox 968 2913 1143 3001; x_wconf 88' lang='lat' dir='ltr'>quaerendi</span> <span class='ocrx_word' id='word_1_186' title='bbox 1172 2931 1283 2978; x_wconf 89' lang='lat' dir='ltr'>ansam</span> 
     </span>
     <span class='ocr_line' id='line_1_25' title="bbox 170 3017 1284 3102; baseline -0.001 -22"><span class='ocrx_word' id='word_1_187' title='bbox 170 3017 386 3101; x_wconf 84' lang='lat' dir='ltr'>praebuisset,</span> <span class='ocrx_word' id='word_1_188' title='bbox 422 3018 485 3082; x_wconf 83' lang='lat' dir='ltr'>&#39;utri</span> <span class='ocrx_word' id='word_1_189' title='bbox 505 3017 581 3082; x_wconf 87' lang='lat' dir='ltr'>loco</span> <span class='ocrx_word' id='word_1_190' title='bbox 603 3018 706 3102; x_wconf 84' lang='lat' dir='ltr'>magis</span> <span class='ocrx_word' id='word_1_191' title='bbox 742 3019 962 3099; x_wconf 89' lang='lat' dir='ltr'>convenirent,</span> <span class='ocrx_word' id='word_1_192' title='bbox 995 3017 1231 3102; x_wconf 86' lang='lat' dir='ltr'>Aristophanes</span> <span class='ocrx_word' id='word_1_193' title='bbox 1255 3020 1284 3079; x_wconf 81' lang='lat' dir='ltr'>‘a</span> 
     </span>
     <span class='ocr_line' id='line_1_26' title="bbox 172 3118 1284 3210; baseline 0.002 -27"><span class='ocrx_word' id='word_1_194' title='bbox 172 3118 268 3185; x_wconf 86' lang='lat' dir='ltr'>libro&#39;</span> <span class='ocrx_word' id='word_1_195' title='bbox 290 3122 396 3202; x_wconf 90' lang='lat' dir='ltr'>tertio,</span> <span class='ocrx_word' id='word_1_196' title='bbox 431 3121 523 3185; x_wconf 87' lang='lat' dir='ltr'>cuius</span> <span class='ocrx_word' id='word_1_197' title='bbox 552 3121 615 3185; x_wconf 93' lang='lat' dir='ltr'>loci</span> <span class='ocrx_word' id='word_1_198' title='bbox 638 3131 769 3186; x_wconf 89' lang='lat' dir='ltr'>naturae</span> <span class='ocrx_word' id='word_1_199' title='bbox 799 3121 997 3206; x_wconf 88' lang='lat' dir='ltr'>respondere</span> <span class='ocrx_word' id='word_1_200' title='bbox 1019 3120 1217 3210; x_wconf 86' lang='lat' dir='ltr'>viderentur,</span> <span class='ocrx_word' id='word_1_201' title='bbox 1251 3120 1284 3185; x_wconf 90' lang='lat' dir='ltr'>in</span> 
     </span>
     <span class='ocr_line' id='line_1_27' title="bbox 175 3210 1286 3310; baseline 0.002 -23"><span class='ocrx_word' id='word_1_202' title='bbox 175 3223 379 3289; x_wconf 88' lang='lat' dir='ltr'>undecimum</span> <span class='ocrx_word' id='word_1_203' title='bbox 410 3244 521 3288; x_wconf 88' lang='lat' dir='ltr'>errore</span> <span class='ocrx_word' id='word_1_204' title='bbox 552 3234 789 3308; x_wconf 91' lang='lat' dir='ltr'>transsumptos</span> <span class='ocrx_word' id='word_1_205' title='bbox 820 3225 896 3291; x_wconf 88' lang='lat' dir='ltr'>esse</span> <span class='ocrx_word' id='word_1_206' title='bbox 929 3210 1071 3309; x_wconf 86' lang='lat' dir='ltr'>censuit,</span> <span class='ocrx_word' id='word_1_207' title='bbox 1117 3225 1286 3310; x_wconf 84' lang='lat' dir='ltr'>utriusque</span> 
     </span>
     <span class='ocr_line' id='line_1_28' title="bbox 174 3326 1286 3413; baseline 0.004 -23"><span class='ocrx_word' id='word_1_208' title='bbox 174 3326 240 3392; x_wconf 88' lang='lat' dir='ltr'>loci</span> <span class='ocrx_word' id='word_1_209' title='bbox 270 3328 456 3393; x_wconf 88' lang='lat' dir='ltr'>conditione</span> <span class='ocrx_word' id='word_1_210' title='bbox 488 3329 532 3391; x_wconf 90' lang='lat' dir='ltr'>ita</span> <span class='ocrx_word' id='word_1_211' title='bbox 569 3338 687 3411; x_wconf 89' lang='lat' dir='ltr'>notata,</span> <span class='ocrx_word' id='word_1_212' title='bbox 720 3340 755 3393; x_wconf 92' lang='lat' dir='ltr'>ut</span> <span class='ocrx_word' id='word_1_213' title='bbox 787 3330 882 3396; x_wconf 91' lang='lat' dir='ltr'>huius</span> <span class='ocrx_word' id='word_1_214' title='bbox 912 3331 1029 3413; x_wconf 89' lang='lat' dir='ltr'>cuique</span> <span class='ocrx_word' id='word_1_215' title='bbox 1054 3329 1170 3394; x_wconf 51' lang='lat' dir='ltr'>¹versui</span> <span class='ocrx_word' id='word_1_216' title='bbox 1201 3340 1286 3395; x_wconf 85' lang='lat' dir='ltr'>aste·</span> 
     </span>
     <span class='ocr_line' id='line_1_29' title="bbox 175 3429 1285 3519; baseline 0.006 -26"><span class='ocrx_word' id='word_1_217' title='bbox 175 3430 296 3494; x_wconf 86' lang='lat' dir='ltr'>riscum</span> <span class='ocrx_word' id='word_1_218' title='bbox 319 3452 392 3495; x_wconf 90' lang='lat' dir='ltr'>oum</span> <span class='ocrx_word' id='word_1_219' title='bbox 416 3431 572 3514; x_wconf 84' lang='lat' dir='ltr'>obelisco,</span> <span class='ocrx_word' id='word_1_220' title='bbox 596 3429 680 3495; x_wconf 91' lang='lat' dir='ltr'>illins</span> <span class='ocrx_word' id='word_1_221' title='bbox 703 3432 868 3516; x_wconf 84' lang='lat' dir='ltr'>simplices</span> <span class='ocrx_word' id='word_1_222' title='bbox 892 3434 1067 3497; x_wconf 89' lang='lat' dir='ltr'>asteriscos</span> <span class='ocrx_word' id='word_1_223' title='bbox 1098 3443 1285 3519; x_wconf 89' lang='lat' dir='ltr'>apponeret.</span> 
     </span>
     <span class='ocr_line' id='line_1_30' title="bbox 176 3530 1287 3621; baseline 0.005 -25"><span class='ocrx_word' id='word_1_224' title='bbox 176 3530 364 3598; x_wconf 87' lang='lat' dir='ltr'>Posteriore</span> <span class='ocrx_word' id='word_1_225' title='bbox 385 3535 458 3599; x_wconf 93' lang='lat' dir='ltr'>loco</span> <span class='ocrx_word' id='word_1_226' title='bbox 481 3536 605 3618; x_wconf 88' lang='lat' dir='ltr'>positos</span> <span class='ocrx_word' id='word_1_227' title='bbox 639 3554 754 3600; x_wconf 89' lang='lat' dir='ltr'>versus</span> <span class='ocrx_word' id='word_1_228' title='bbox 785 3556 826 3600; x_wconf 93' lang='lat' dir='ltr'>an</span> <span class='ocrx_word' id='word_1_229' title='bbox 857 3536 998 3600; x_wconf 84' lang='lat' dir='ltr'>Homero</span> <span class='ocrx_word' id='word_1_230' title='bbox 1029 3535 1179 3621; x_wconf 79' lang='lat' dir='ltr'>indignos</span> <span class='ocrx_word' id='word_1_231' title='bbox 1209 3556 1287 3621; x_wconf 90' lang='lat' dir='ltr'>spu·</span> 
     </span>
     <span class='ocr_line' id='line_1_31' title="bbox 176 3636 1286 3724; baseline 0.005 -25"><span class='ocrx_word' id='word_1_232' title='bbox 176 3637 310 3720; x_wconf 87' lang='lat' dir='ltr'>ricsquc</span> <span class='ocrx_word' id='word_1_233' title='bbox 338 3639 538 3721; x_wconf 86' lang='lat' dir='ltr'>existimarit,</span> <span class='ocrx_word' id='word_1_234' title='bbox 572 3638 658 3703; x_wconf 88' lang='lat' dir='ltr'>haud</span> <span class='ocrx_word' id='word_1_235' title='bbox 688 3638 783 3722; x_wconf 88' lang='lat' dir='ltr'>plane</span> <span class='ocrx_word' id='word_1_236' title='bbox 814 3639 933 3724; x_wconf 84' lang='lat' dir='ltr'>liquct3</span> <span class='ocrx_word' id='word_1_237' title='bbox 965 3639 1063 3700; x_wconf 92' lang='lat' dir='ltr'>immo</span> <span class='ocrx_word' id='word_1_238' title='bbox 1095 3636 1286 3704; x_wconf 89' lang='lat' dir='ltr'>Homericos</span> 
     </span>
     <span class='ocr_line' id='line_1_32' title="bbox 178 3739 1287 3827; baseline 0.005 -26"><span class='ocrx_word' id='word_1_239' title='bbox 178 3739 307 3822; x_wconf 90' lang='lat' dir='ltr'>quidem</span> <span class='ocrx_word' id='word_1_240' title='bbox 342 3761 417 3806; x_wconf 89' lang='lat' dir='ltr'>eum</span> <span class='ocrx_word' id='word_1_241' title='bbox 449 3752 602 3826; x_wconf 89' lang='lat' dir='ltr'>putasse,</span> <span class='ocrx_word' id='word_1_242' title='bbox 648 3744 785 3808; x_wconf 88' lang='lat' dir='ltr'>maxime</span> <span class='ocrx_word' id='word_1_243' title='bbox 817 3741 985 3827; x_wconf 83' lang='lat' dir='ltr'>probabile</span> <span class='ocrx_word' id='word_1_244' title='bbox 1020 3749 1088 3823; x_wconf 84' lang='lat' dir='ltr'>est,</span> <span class='ocrx_word' id='word_1_245' title='bbox 1129 3740 1159 3804; x_wconf 92' lang='lat' dir='ltr'>si</span> <span class='ocrx_word' id='word_1_246' title='bbox 1192 3762 1287 3825; x_wconf 88' lang='lat' dir='ltr'>quam</span> 
     </span>
     <span class='ocr_line' id='line_1_33' title="bbox 178 3842 1288 3929; baseline 0.005 -23"><span class='ocrx_word' id='word_1_247' title='bbox 178 3842 279 3927; x_wconf 85' lang='lat' dir='ltr'>signis</span> <span class='ocrx_word' id='word_1_248' title='bbox 302 3843 364 3909; x_wconf 90' lang='lat' dir='ltr'>illis</span> <span class='ocrx_word' id='word_1_249' title='bbox 386 3855 580 3929; x_wconf 87' lang='lat' dir='ltr'>potestatem</span> <span class='ocrx_word' id='word_1_250' title='bbox 604 3847 710 3912; x_wconf 91' lang='lat' dir='ltr'>datam</span> <span class='ocrx_word' id='word_1_251' title='bbox 731 3867 805 3912; x_wconf 89' lang='lat' dir='ltr'>esse</span> <span class='ocrx_word' id='word_1_252' title='bbox 826 3866 844 3911; x_wconf 91' lang='lat' dir='ltr'>a</span> <span class='ocrx_word' id='word_1_253' title='bbox 862 3845 1081 3929; x_wconf 84' lang='lat' dir='ltr'>subsequente</span> <span class='ocrx_word' id='word_1_254' title='bbox 1098 3843 1288 3912; x_wconf 86' lang='lat' dir='ltr'>Aristarcho</span> 
     </span>
     <span class='ocr_line' id='line_1_34' title="bbox 179 3946 1289 4034; baseline 0.005 -25"><span class='ocrx_word' id='word_1_255' title='bbox 179 3946 312 4031; x_wconf 86' lang='lat' dir='ltr'>scimus,</span> <span class='ocrx_word' id='word_1_256' title='bbox 338 3948 473 4013; x_wconf 90' lang='lat' dir='ltr'>eandem</span> <span class='ocrx_word' id='word_1_257' title='bbox 495 3959 532 4013; x_wconf 92' lang='lat' dir='ltr'>ut</span> <span class='ocrx_word' id='word_1_258' title='bbox 552 3971 612 4034; x_wconf 88' lang='lat' dir='ltr'>par</span> <span class='ocrx_word' id='word_1_259' title='bbox 634 3962 684 4018; x_wconf 89' lang='lat' dir='ltr'>est</span> <span class='ocrx_word' id='word_1_260' title='bbox 706 3960 884 4016; x_wconf 89' lang='lat' dir='ltr'>statuamus</span> <span class='ocrx_word' id='word_1_261' title='bbox 906 3949 970 4014; x_wconf 91' lang='lat' dir='ltr'>iam</span> <span class='ocrx_word' id='word_1_262' title='bbox 1001 3947 1042 4013; x_wconf 91' lang='lat' dir='ltr'>ab</span> <span class='ocrx_word' id='word_1_263' title='bbox 1069 3946 1289 4033; x_wconf 87' lang='lat' dir='ltr'>Aristophane</span> 
     </span>
    </p>
   </div>
   <div class='ocr_carea' id='block_1_6' title="bbox 234 4095 1291 4352">
    <p class='ocr_par' dir='ltr' id='par_1_8' title="bbox 234 4095 1291 4352">
     <span class='ocr_line' id='line_1_35' title="bbox 234 4095 1288 4179; baseline 0.009 -31"><span class='ocrx_word' id='word_1_264' title='bbox 234 4096 261 4167; x_wconf 84' lang='lat'>1)</span> <span class='ocrx_word' id='word_1_265' title='bbox 278 4095 422 4156; x_wconf 86' lang='lat' dir='ltr'>Nanchius</span> <span class='ocrx_word' id='word_1_266' title='bbox 439 4100 580 4176; x_wconf 87' lang='lat' dir='ltr'>Aristoph.</span> <span class='ocrx_word' id='word_1_267' title='bbox 599 4103 666 4179; x_wconf 77' lang='lat' dir='ltr'>Byz,</span> <span class='ocrx_word' id='word_1_268' title='bbox 683 4123 709 4176; x_wconf 86' lang='lat' dir='ltr'>p.</span> <span class='ocrx_word' id='word_1_269' title='bbox 729 4107 769 4161; x_wconf 77' lang='lat'>1⁷.</span> <span class='ocrx_word' id='word_1_270' title='bbox 787 4103 855 4173; x_wconf 82' lang='lat' dir='ltr'>legit</span> <span class='ocrx_word' id='word_1_271' title='bbox 872 4099 979 4170; x_wconf 78' lang='grc' dir='ltr'><strong>ὀβελούς,</strong></span> <span class='ocrx_word' id='word_1_272' title='bbox 999 4102 1068 4156; x_wconf 87' lang='lat' dir='ltr'>citra</span> <span class='ocrx_word' id='word_1_273' title='bbox 1086 4103 1288 4172; x_wconf 85' lang='lat' dir='ltr'>necessitatem,</span> 
     </span>
     <span class='ocr_line' id='line_1_36' title="bbox 284 4181 1291 4262; baseline 0.004 -23"><span class='ocrx_word' id='word_1_274' title='bbox 284 4198 312 4239; x_wconf 83' lang='lat' dir='ltr'>v.</span> <span class='ocrx_word' id='word_1_275' title='bbox 329 4181 423 4240; x_wconf 89' lang='lat' dir='ltr'>Scbcl.</span> <span class='ocrx_word' id='word_1_276' title='bbox 443 4187 521 4242; x_wconf 84' lang='lat' dir='ltr'>lliad.</span> <span class='ocrx_word' id='word_1_277' title='bbox 537 4188 562 4259; x_wconf 87' lang='grc' dir='ltr'>β,</span> <span class='ocrx_word' id='word_1_278' title='bbox 580 4194 613 4242; x_wconf 77' lang='lat'>27</span> <span class='ocrx_word' id='word_1_279' title='bbox 632 4198 659 4247; x_wconf 88' lang='lat' dir='ltr'>et</span> <span class='ocrx_word' id='word_1_280' title='bbox 672 4189 772 4245; x_wconf 88' lang='lat' dir='ltr'>Villois</span> <span class='ocrx_word' id='word_1_281' title='bbox 788 4189 894 4244; x_wconf 86' lang='lat' dir='ltr'>Anecd.</span> <span class='ocrx_word' id='word_1_282' title='bbox 912 4187 960 4242; x_wconf 88' lang='lat' dir='ltr'>Gr.</span> <span class='ocrx_word' id='word_1_283' title='bbox 978 4188 1009 4242; x_wconf 89' lang='grc' dir='ltr'>Τ.</span> <span class='ocrx_word' id='word_1_284' title='bbox 1029 4189 1062 4243; x_wconf 92' lang='lat' dir='ltr'>ll.</span> <span class='ocrx_word' id='word_1_285' title='bbox 1079 4205 1106 4262; x_wconf 90' lang='lat' dir='ltr'>p.</span> <span class='ocrx_word' id='word_1_286' title='bbox 1122 4191 1171 4242; x_wconf 83' lang='lat'>183</span> <span class='ocrx_word' id='word_1_287' title='bbox 1191 4187 1291 4258; x_wconf 75' lang='lat' dir='ltr'>(Belli.</span> 
     </span>
     <span class='ocr_line' id='line_1_37' title="bbox 287 4268 1226 4352; baseline 0 -27"><span class='ocrx_word' id='word_1_288' title='bbox 287 4268 393 4328; x_wconf 79' lang='lat' dir='ltr'>Aueerl.</span> <span class='ocrx_word' id='word_1_289' title='bbox 412 4270 446 4334; x_wconf 84' lang='grc' dir='ltr'><strong>Τ.</strong></span> <span class='ocrx_word' id='word_1_290' title='bbox 463 4273 497 4332; x_wconf 87' lang='grc' dir='ltr'><strong>ΙΙ.</strong></span> <span class='ocrx_word' id='word_1_291' title='bbox 515 4293 542 4348; x_wconf 83' lang='grc' dir='ltr'><strong>ρ.</strong></span> <span class='ocrx_word' id='word_1_292' title='bbox 560 4275 634 4347; x_wconf 74' lang='grc'><strong>768.)</strong></span> <span class='ocrx_word' id='word_1_293' title='bbox 667 4275 790 4333; x_wconf 77' lang='lat' dir='ltr'>Eustatb.</span> <span class='ocrx_word' id='word_1_294' title='bbox 806 4276 843 4334; x_wconf 83' lang='lat' dir='ltr'>nd</span> <span class='ocrx_word' id='word_1_295' title='bbox 859 4275 962 4352; x_wconf 63' lang='grc' dir='ltr'><strong>Οὐρία.</strong></span> <span class='ocrx_word' id='word_1_296' title='bbox 979 4273 1006 4346; x_wconf 75' lang='lat' dir='ltr'>h,</span> <span class='ocrx_word' id='word_1_297' title='bbox 1023 4278 1084 4330; x_wconf 70' lang='lat'><strong>58⁷.</strong></span> <span class='ocrx_word' id='word_1_298' title='bbox 1101 4291 1127 4348; x_wconf 91' lang='lat' dir='ltr'>p.</span> <span class='ocrx_word' id='word_1_299' title='bbox 1149 4274 1226 4326; x_wconf 74' lang='lat'><strong>¹510.</strong></span> 
     </span>
    </p>
   </div>
   <div class='ocr_carea' id='block_1_7' title="bbox 0 0 1481 4822">
    <p class='ocr_par' dir='ltr' id='par_1_9' title="bbox 0 0 1481 4822">
     <span class='ocr_line' id='line_1_38' title="bbox 0 0 1481 4822; baseline 0 0"><span class='ocrx_word' id='word_1_300' title='bbox 0 0 1481 4822; x_wconf 95' lang='lat' dir='ltr'> </span> 
     </span>
    </p>
   </div>
  </div>
 </body>
</html>
