2902 4822
710 462 762 537 nn
832 420 835 425 ,

179 654 412 720 consuetudine
435 651 562 716 ebenus
586 653 673 727 fuit)
688 654 812 715 ratione
833 650 931 735 louge
964 651 1126 717 diversam
1148 652 1191 716 ab
1211 654 1295 718 areis

178 761 381 843 antiquorum
405 757 535 820 criticae
557 755 666 818 indole
688 774 773 817 esse.

263 858 571 924 vindobonensibus
592 858 683 920 libris
706 856 874 920 addendus
896 865 985 920 esset
999 856 1170 947 Odysseae
1183 818 1331 925 codex

179 965 253 1028 olim
280 962 477 1047 Vespasiani
513 961 686 1044 Gonzagae
722 961 763 1023 de
791 959 964 1042 Columna,
998 981 1018 1023 n
1050 961 1124 1026 Nic.-
1153 961 1295 1027 Heinsio

57 1072 62 1087 ¹
177 1086 347 1149 excussus,
383 1066 423 1128 de
447 1083 511 1149 quo
540 1077 571 1125 νᾳ
595 1061 720 1126 Villois.
754 1061 813 1146 Ep.
838 1060 920 1125 Vim.
942 1084 975 1146 p.
998 1064 1041 1127 26
1063 1085 1128 1150 sq.,
1152 1066 1182 1128 si
1199 1072 1292 1131 oona

175 1170 216 1234 de
237 1156 404 1234 obelorum
422 1167 559 1252 singulis
581 1166 774 1249 quibusdam
797 1165 947 1229 versibus
969 1165 1204 1251 adscriptorum
1224 1158 1294 1232 hii?

175 1275 249 1360 gine
273 1282 447 1353 constaret,
483 1269 635 1333 videlicet
669 1291 688 1349 t,
723 1270 797 1334 542.
831 1271 859 1349 λ,
891 1269 1074 1333 601-603.
1107 1293 1134 1350 τ,
1161 1270 1234 1334 806Ι
1255 1281 1293 1337 et

176 1375 356 1441 ata—348.
392 1374 536 1454 Quorum
558 1372 704 1436 locorum
727 1372 819 1435 solus
844 1380 977 1455 quartus
1004 1375 1181 1446 est,.cuius
1208 1370 1286 1438 ἆθέὲ

175 1501 268 1563 τησις,
291 1498 333 1541 ex
347 1467 505 1558 Scholiisp
520 1474 604 1559 quae
624 1475 755 1559 vulgata
778 1475 943 1556 dicuntur,
978 1485 1068 1539 certo
1096 1475 1208 1560 liquet.
1250 1477 1290 1541 itr'

172 1584 290 1648 ceteris
307 1579 383 1645 nihil
407 1579 602 1660 suspicionis
615 1564 824 1659 adnotatum,
847 1598 953 1661 neque
974 1581 1006 1641 in
1023 1577 1163 1642 Scholiis
1178 1572 1287 1665 neque
1369 1581 1374 1592 '

171 1687 204 1748 in
231 1683 411 1763 Eustathio,
425 1680 475 1743 *ita
497 1690 533 1743 ut
556 1680 673 1742 dubius
705 1679 762 1759 sis,
786 1676 926 1761 ἀθέτησις
947 1698 1023 1744 num
1044 1701 1093 1744 ex»
1109 1683 1222 1748 codice
1237 1683 1289 1748 'ub

169 1786 303 1850 Heinsio
325 1784 519 1864 transcripte
541 1783 593 1863 sit,
618 1800 701 1863 quae
723 1790 774 1844 est
793 1781 964 1844 Villoisoni
986 1784 1154 1870 sententia,
1167 1787 1287 1853 'unia-

169 1877 265 1972 geuio
288 1888 358 1950 eius
381 1882 538 1947 debeatur
543 1905 554 1966 3
579 1893 721 1947 ceterum
743 1905 876 1948 versum
893 1907 912 1965 t,
935 1886 1001 1948 542
1022 1895 1059 1949 ut
1077 1897 1207 1954 notaret
1223 1891 1287 1957 crit·

168 1993 234 2054 tico
256 1989 448 2076 cuicumque
472 1987 551 2049 tanti
574 1987 679 2050 visum
711 2006 786 2051 esse
803 1989 908 2071 potuit
926 1999 1062 2072 propter
1092 1992 1284 2075 posterioris

168 2092 360 2158 hemistichii
381 2091 583 2152 iterationem
607 2110 654 2154 vs.
678 2091 753 2155 486.
1253 2112 1268 2121 ··

665 2259 694 2341 §-
726 2262 779 2325 17.

337 2388 389 2442 De
412 2386 608 2459 signorum
630 2401 700 2441 usu
722 2388 810 2442 ante
831 2386 1106 2448 Aristarchum.
1216 2430 1222 2439 .
1279 2434 1284 2443 ,

160 2558 162 2563 .
190 2524 203 2535 ·‘
249 2502 371 2566 Positis
385 2512 547 2584 tamquam
560 2498 774 2564 Praefationis
786 2500 861 2565 looo
873 2503 934 2585 his,
957 2523 1041 2587 quae
1053 2503 1094 2567 ad
1111 2520 1281 2588 argumen-

167 2608 233 2670 trim
251 2607 287 2668 iu
307 2603 478 2668 Ahecdoto
490 2602 636 2665 Romano
655 2603 807 2668 traditum
820 2614 912 2668 recte
922 2605 1156 2669 aestimandum
1171 2605 1281 2671 hacto·

167 2729 227 2772 nus
251 2724 416 2788 exponere
438 2724 576 2768 necesse
598 2705 779 2790 videbatur,
802 2717 903 2771 strata
924 2727 1010 2772 nunc
1033 2708 1128 2791 quasi
1143 2709 1215 2791 vid,
1239 2709 1279 2773 ad

164 2830 231 2874 rem
242 2810 348 2892 ipsam
360 2810 582 2892 pervenimus,
606 2816 638 2870 et
650 2807 762 2872 ordine
774 2828 873 2892 supra
893 2810 1034 2874 indicato
1046 2809 1087 2874 de
1097 2810 1280 2876 Aristarchi

164 2914 266 2997 ipsius
290 2929 389 2994 opera
412 2912 648 2993 disserendum,
682 2913 716 2974 in
738 2913 887 2976 notandis
910 2933 973 2996 ope
995 2915 1164 2998 signorum
1194 2915 1280 2978 criti·

165 3034 279 3080 corum
311 3015 440 3097 scriptis
474 3015 642 3079 collocata.
686 3015 722 3078 ln
756 3032 818 3099 qua
842 3017 1031 3099 quaestione
1065 3016 1171 3099 primo
1202 3028 1279 3082 ‹mh-

166 3104 369 3182 stituendum¹
391 3117 535 3197 videtur,
569 3120 603 3179 in
625 3138 662 3181 ea
685 3108 832 3202 signandi
854 3119 979 3181 ratione
1002 3119 1079 3203 quid
1100 3121 1277 3203 semetipsi,

169 3219 245 3304 quid
276 3217 347 3282 aliis
380 3218 527 3283 debuerit
561 3230 737 3303 acceptum.
781 3219 907 3284 Novam
940 3222 1024 3285 enim
1059 3223 1188 3285 minima
1209 3230 1278 3286 rem

168 3320 379 3386 Aristarchus
407 3322 558 3384 instituit:
593 3306 653 3386 sed
674 3342 762 3386 novo
784 3323 882 3386 modo
905 3333 1049 3387 veterem
1073 3324 1279 3408 perfecie-:ut

166 3425 300 3488 rationis
328 3421 462 3506 abipso
491 3423 644 3489 inhibitae
673 3427 788 3490 merito
816 3427 966 3488 inventor
991 3426 1148 3508 appellari
1164 3428 1278 3510 potue·

167 3529 218 3610 rit,
233 3540 345 3610 'eaque
367 3527 469 3610 sigua,
494 3548 576 3611 quae
598 3527 786 3611 adhibuerit,
811 3531 881 3592 eius
903 3529 1065 3591 anomine
1082 3530 1153 3592 iure
1167 3529 1278 3613 appui*

167 3631 232 3694 lata
254 3631 327 3694 sint.
370 3629 421 3693 De
443 3649 504 3713 qua
527 3650 565 3694 re
587 3629 768 3714 dicendum,
793 3651 890 3715 quum
911 3650 1098 3714 exposuero
1128 3631 1171 3700 de
1191 3634 1278 3697 siue
1325 3688 1328 3693 ,

167 3733 240 3797 dem
275 3732 328 3796 vel
362 3734 474 3798 similis
514 3734 643 3816 generis
674 3745 824 3798 notarum
855 3754 916 3798 usu
951 3744 1065 3797 vetere
1096 3734 1277 3805 Aristarchi

167 3845 313 3902 aetatem·
337 3845 521 3919 superante.
565 3833 602 3898 Si
635 3854 714 3900 vero
744 3847 888 3899 veterem
908 3837 999 3901 illurn
1028 3838 1161 3901 notandi
1180 3852 1277 3902 usum

169 3939 254 4020 dico,
273 3940 317 4002 ‘in
333 3948 458 4002 'mente
488 3956 552 4000 non
585 3950 651 4001 tam
687 3958 760 4002 eum
793 3937 908 4022 habeo,
942 3942 1051 4024 quiin
1074 3950 1143 4004 arte
1166 3934 1277 4005 critica

164 4041 339 4108 ‘iactitando
373 4042 584 4105 cummaxime
618 4043 874 4126 agrammaticis
908 4042 998 4109 solus
1027 4042 1192 4106 adhibitus
1214 4050 1275 4126 est,

165 4156 264 4229 quem
285 4162 381 4228 quem
403 4143 456 4206 aiii
478 4143 541 4207 aiio
564 4143 702 4208 oonsilio
721 4155 754 4208 et
775 4137 900 4209 ratione
922 4155 955 4208 et
973 4147 1005 4208 in
1022 4145 1144 4228 dispari
1154 4142 1277 4230 genero

168 4244 606 4337 litterorttm'adhibuemhtss··
634 4247 684 4312 De
705 4246 824 4331 quibus
846 4259 933 4312 nunc
952 4249 1001 4311 rei
1023 4246 1276 4334 grantawtps·
