2902 4822
697 454 774 532 148

178 665 254 718 esse
276 643 559 732 ὓπεριεστιγμένον,
579 645 667 732 quod
678 645 843 713 declarare
856 647 977 730 debuit,
994 634 1070 713 esse
1085 644 1290 740 tauteiagum

175 753 306 841 aliquid.
351 753 404 815 An
426 751 563 816 credidit
592 754 832 838 grammaticus,
865 774 995 819 versum
1018 774 1094 821 esse
1122 756 1289 825 otiosum?

80 922 97 931 ,
174 867 309 943 propter
332 857 404 921 120.
427 853 518 941 suit

379 999 417 1078 n,
441 997 514 1062 104.

265 1086 293 1214 G
326 1139 400 1203 ἔνθα
421 1132 457 1199 κέ
478 1157 533 1218 τοι,
555 1131 697 1215 Μενέλαε,
720 1131 798 1219 φάνη
821 1131 930 1217 βιότοιο
951 1137 1080 1223 osteum

171 1278 336 1366 Heynius:
374 1273 585 1359 „Appositum
608 1276 640 1338 in
663 1273 736 1339 cod.
760 1271 885 1339 Veneto
913 1278 1022 1341 versui
1052 1279 1222 1366 antisigma
1249 1286 1301 1361 a

172 1383 282 1466 [immo
309 1379 380 1463 Ε],
417 1377 504 1463 quod
527 1377 606 1441 alias
639 1379 782 1462 pingitur
807 1384 838 1458 ρ
868 1388 900 1442 et
935 1377 1065 1446 denotat
1094 1380 1225 1449 versum
1253 1394 1287 1450 et

171 1487 248 1552 alibi
281 1502 464 1550 occurrere.
519 1479 565 1544 lta
600 1500 679 1544 vero
710 1483 893 1546 sexcenties
923 1483 994 1547 aliis
1026 1483 1109 1550 iocis
1138 1486 1286 1571 repetitis

170 1600 240 1659 erat
271 1585 519 1674 appingendum.
563 1583 635 1647 Hoc
665 1583 740 1648 loeo
763 1588 928 1668 respicere
952 1587 1061 1651 debuit
1088 1610 1221 1655 versum
1243 1588 1285 1656 de

168 1691 322 1759 Patroclo
345 1692 383 1773 lt,
401 1689 465 1750 787
487 1681 548 1753 ἕνθ’
573 1687 633 1772 ἄρα
659 1710 713 1768 τοι,
736 1683 901 1771 Πάτροκλε,
924 1686 1002 1774 φάνη
1025 1688 1134 1772 βιότοιο
1155 1692 1285 1779 mmcd

375 1831 399 1910 1,
422 1828 495 1892 cao.

260 1979 291 2052 ρ
320 1970 372 2037 καί
394 1965 412 2055 ρ’
435 1966 452 2033 ὁ
475 1965 526 2052 μὲν
549 1964 579 2032 ἐν
603 1965 690 2055 δήμῳ
713 1964 792 2052 μένει
814 1965 915 2053 abnui,
938 1965 1023 2036 πολλ’
1046 1969 1201 2055 ἀποτίσας,
1287 2056 1293 2065 .

167 2110 458 2196 adquem100um
491 2107 596 2172 idem:
630 2105 823 2190 »Appictum
858 2118 908 2172 est
940 2109 972 2171 in
995 2107 1121 2175 Veneto
1153 2112 1284 2199 signum

172 2228 203 2301 ρ
232 2212 318 2280 nulia
342 2211 402 2278 alia
425 2213 589 2277 notatione
616 2209 763 2294 apposita
771 2229 782 2292 3
817 2209 944 2274 videtur
977 2211 1079 2278 fuisse
1111 2216 1283 2303 antisigma

166 2312 408 2404 περιεστιγμένον,
431 2336 496 2402 quo
519 2313 733 2401 significatum
761 2332 836 2376 esse
858 2314 958 2396 aiunt,
992 2318 1184 2383 sententiam
1206 2338 1284 2386 ean·

167 2423 244 2498 dem,
262 2422 313 2486 bis
336 2419 495 2485 redditam
517 2437 592 2484 esse
614 2437 632 2481 a
656 2427 761 2500 poeta.
795 2417 895 2501 Atqui
917 2417 967 2481 sic
997 2420 1180 2486 sexcenties
1202 2422 1284 2488 fuis·

165 2536 216 2591 set
251 2509 447 2609 ponendum,
482 2533 550 2586 tum
583 2541 645 2585 nec
678 2519 773 2583 video
808 2519 887 2603 quid
920 2519 951 2586 h.
986 2520 1007 2584 1.
1035 2524 1211 2609 praecipue
1238 2526 1284 2591 sit

126 2672 134 2679 -
165 2629 343 2694 iteratum.u

251 2729 354 2794 Attuli
376 2728 457 2793 haee
479 2726 748 2811 praestantissimi
769 2727 830 2790 viri
853 2735 974 2810 notata,
997 2747 1062 2792 non
1092 2738 1128 2793 ut
1150 2748 1282 2799 errores
1308 2800 1313 2805 ,

166 2835 269 2901 abeo
293 2832 486 2898 commissos
509 2831 680 2916 castigem,
704 2849 840 2914 quorum
864 2831 1059 2914 praecipuus
1088 2831 1122 2896 in
1143 2852 1184 2898 eo
1206 2844 1282 2901 veri

165 2920 273 3022 satur,
316 2934 404 3021 quod
441 2944 470 3018 (ξ
512 2952 573 3017 pro
612 2934 783 3020 antisigma
821 2943 975 3017 punctato
1015 2932 1128 3000 haberi
1165 2934 1280 3024 voluit,

167 3061 250 3106 neve
273 3049 308 3103 ut
330 3039 517 3117 sententiae,
547 3056 641 3120 quam
665 3037 705 3100 de
727 3046 890 3121 potestate
913 3037 982 3102 eius
1005 3038 1090 3124 signi
1118 3042 1280 3127 concepit,
1359 3106 1362 3111 ⁴

166 3140 334 3215 ostendam
367 3141 630 3224 inconstantiam,
665 3141 724 3204 sed
752 3150 788 3204 ut
810 3139 851 3202 de
873 3138 1019 3204 locorum
1041 3163 1072 3224 η,
1101 3142 1166 3206 104
1192 3136 1281 3225 eto,

166 3244 231 3308 787
264 3242 495 3328 parallelismo,
530 3255 564 3308 ut
594 3263 658 3307 non
687 3244 789 3308 dicam
818 3243 1002 3327 iteratione,
1039 3244 1107 3308 veri
1135 3244 1281 3311 nonnihil

168 3367 241 3412 eunt
274 3348 440 3421 monuisse
474 3345 639 3410 affirmem.
696 3346 763 3410 Sed
799 3347 964 3412 veritatem
1003 3366 1119 3412 rursus
1152 3350 1281 3433 aperuit

166 3449 391 3536 Pluygersius,
416 3448 536 3513 Codice
558 3450 630 3533 ipso
653 3448 792 3529 adiutus,
822 3448 871 3512 bis
894 3447 1014 3530 verbis,
1038 3432 1222 3533 quaemihi
1243 3463 1281 3516 ut

167 3565 276 3618 cetera
298 3554 402 3617 omnia
429 3552 625 3616 exscribenti
647 3551 834 3635 praeclarae
856 3549 973 3614 indolis
996 3552 1121 3618 iuvenis
1155 3564 1188 3619 et
1210 3574 1280 3620 mo·

166 3655 381 3737 deotissimus,
416 3669 511 3739 quem
541 3655 659 3718 Leidae
682 3674 791 3718 coram
815 3652 927 3718 Geeiio
958 3664 990 3717 et
1022 3651 1148 3720 Cobeto
1175 3676 1280 3741 nuper

165 3758 306 3825 salutare
337 3759 483 3843 contigit,
513 3777 578 3822 non
610 3757 780 3821 invidebit:
820 3755 920 3821 „Nam
954 3756 1041 3841 quod
1069 3759 1105 3821 in
1125 3756 1278 3825 Villoiso·
1314 3786 1317 3791 ·

165 3865 259 3927 niana
282 3860 423 3926 editione
446 3863 573 3948 signum
597 3862 795 3944 conspicitur
816 3859 857 3923 ad
875 3861 910 3941 B,
925 3860 996 3923 138.
1019 3862 1056 3942 Η,
1070 3861 1143 3925 104.
1165 3863 1189 3942 1,
1201 3863 1276 3945 681),Ι

165 3974 303 4030 nonest
335 3966 516 4053 antisigma,
551 3986 656 4049 neque
689 3963 771 4029 adeo
804 3963 932 4049 signum
966 3962 1111 4028 criticum
1133 3965 1276 4030 Aristar·

164 4068 290 4152 cbeum,
321 4067 382 4132 sed
406 4079 517 4131 notum
539 4066 618 4137 iliud
640 4066 865 4151 compendium
889 4083 948 4148 pro
978 4065 1144 4148 σημείωσαι
1164 4087 1276 4133 recen·

162 4171 285 4236 tissima
315 4190 411 4235 manu
439 4170 491 4234 bis
520 4170 670 4234 versibus
701 4171 734 4232 in
759 4167 873 4234 codice
895 4167 1067 4232 additum*
1117 4169 1275 4235 Nimirum

163 4283 215 4339 est
236 4274 322 4338 idem
354 4273 483 4357 signum
506 4271 593 4355 quod
627 4290 727 4356 saepe
758 4269 863 4335 littera
887 4268 915 4335 C
939 4271 1061 4337 inserta
1090 4273 1217 4339 minore
1247 4272 1274 4339 ii
