2902 4822
690 437 744 516 73

163 633 432 731 taurinatem:
465 633 516 701 τὸν
537 632 573 701 δὲ
603 630 707 716 ὀβολὸν
728 631 834 714 ἔλαβεν
865 625 900 696 ἐκ
925 627 979 716 τὴς
999 627 1165 717 Ζηνοδόοοο
1188 632 1274 720 διορ-

162 735 306 812 θώσεως·
328 738 478 824 παρετίθει
499 736 534 806 δὲ
555 736 642 806 αὐτὸν
663 746 725 813 τοῖς
746 731 973 820 ἐκβαλλομένοος
992 732 1028 802 ἐκ
1048 743 1104 823 τῆς
1122 734 1274 823 ποιήσεως

165 840 277 924 στίχοις
299 839 344 916 ὡς
363 851 425 918 τοῖς
446 850 560 928 νεκροῖς
581 851 640 908 τῶν
663 838 842 926 ἀνθρώπων.
883 837 961 903 ltem
984 859 1068 926 quae
1090 848 1220 906 exstant
1241 841 1274 904 in
1345 826 1350 834 ’

164 942 274 1008 Schol.
304 942 387 1009 Vict.
416 945 503 1012 lliad.
533 970 560 1032 ο,
593 945 674 1011 2062
708 941 872 1028 Ζηνόδοτος
905 940 1118 1028 ἐσημειώσοτο,
1150 943 1276 1011 obelum

165 1045 362 1132 opponebat,
385 1069 451 1134 quo
473 1051 546 1116 loco
568 1050 753 1116 Dirutzerus
775 1068 807 1131 p.
826 1047 877 1129 12,
902 1048 971 1112 eius
989 1048 1017 1111 si
1030 1058 1170 1114 mentem
1185 1054 1276 1115 rems

165 1150 321 1234 percipio,
343 1150 501 1219 Zenodoti
534 1173 650 1219 nomeu
672 1172 746 1216 oum
774 1151 954 1216 Aristarchi
976 1153 1147 1218 confusum
1170 1150 1277 1237 suspi-

166 1251 308 1319 cabatur.
342 1253 423 1321 'lum
445 1258 532 1342 apud
554 1257 685 1322 Lucian.
707 1253 783 1320 Ver.
805 1255 877 1318 hist.
900 1275 931 1338 p.
955 1254 1019 1320 398
1042 1255 1093 1335 (Τ.
1107 1252 1145 1319 ll.
1167 1274 1200 1341 p.
1213 1254 1277 1320 tlt

166 1355 290 1442 hertz),
318 1359 373 1423 nbi
401 1359 442 1424 de
463 1358 604 1447 ἂθετήσει
624 1360 793 1424 Homerica
817 1377 926 1424 sermo
949 1369 1010 1439 est,
1035 1358 1223 1424 Zenodotns
1245 1366 1278 1424 et

167 1462 375 1528 Aristarchus
416 1465 504 1529 iuxta
544 1476 844 1531 commemorantur.
900 1460 1011 1527 Schol.
1045 1462 1178 1528 Luciani
1216 1469 1278 1547 pro

167 1567 262 1650 imag.
294 1587 321 1631 c.
353 1567 415 1630 24:
454 1563 673 1653 Ὀμηρομάςτιξ
703 1565 719 1632 ὁ
755 1563 919 1650 Ζηνόδοτος
946 1562 1109 1652 ἐπεκλήθη,
1141 1562 1280 1648 ὀβελίσας

167 1665 218 1733 καὶ
240 1665 388 1754 ἀθετήσας
409 1669 507 1737 πολλὰ
528 1681 586 1737 τῶν
606 1669 742 1755 Ὁμήρου
765 1667 857 1736 ἐπῶν.
901 1669 1069 1734 Addamus
1098 1669 1278 1736 Ausoniunt

168 1770 261 1836 Ludo
283 1786 409 1856 septem
430 1796 501 1859 sap.
521 1776 648 1860 prolog.
673 1776 728 1838 11:

324 1875 483 1944 Maeonio
517 1879 644 1963 qualem
674 1879 794 1944 cultum
823 1875 980 1962 quaesivit
1008 1875 1151 1941 Hotnero
1232 1900 1235 1905 ·
1311 1914 1315 1921 -

380 2001 496 2046 censor
517 1982 733 2048 Aristarchus
753 2002 936 2066 normaque
959 1978 1142 2046 Zenodolie
1274 1996 1277 2021 ³

322 2103 411 2167 porte
433 2082 542 2150 obelos
564 2087 664 2174 ἐρίοιο·
684 2087 867 2171 spuriorum
888 2087 1188 2173 superelevatum,

172 2204 268 2270 quem
290 2183 398 2250 locum
418 2184 618 2253 Villoisonus
640 2188 770 2275 Proleg.
800 2207 832 2271 p.
855 2185 919 2252 XV
940 2186 1085 2267 laudans,
1119 2203 1185 2249 non
1210 2202 1282 2272 per·

171 2288 277 2370 spexit
300 2309 397 2371 quum
420 2310 588 2376 opponens
609 2290 719 2357 obelos
738 2290 882 2377 legeret:
908 2288 1063 2374 apodosis
1086 2288 1170 2353 enim
1200 2304 1283 2373 quae

172 2389 385 2476 desideratur,
408 2393 485 2459 latet
505 2396 539 2458 in
560 2398 668 2462 verbis
686 2415 775 2482 pone
796 2391 906 2459 obelos
926 2395 1035 2482 iqitur,
1067 2412 1152 2480 quae
1171 2397 1283 2477 quam·

172 2494 223 2559 vis
246 2497 400 2561 orationis
422 2498 558 2564 formam
580 2500 720 2581 turbant,
742 2507 850 2562 tamen
872 2498 1063 2562 sententiam
1085 2507 1193 2581 aptam
1207 2513 1284 2579 snp-

172 2596 333 2683 peditant3
368 2620 473 2688 neque
495 2604 593 2692 ipitur
614 2604 647 2667 in
668 2600 805 2686 apodosi
828 2621 1020 2685 quemquam
1049 2598 1192 2664 offendet
1217 2594 1284 2665 col·-

173 2699 239 2766 lato
261 2699 377 2768 Plauto
398 2705 516 2789 Amph.
538 2704 563 2789 l,
589 2704 617 2789 1,
641 2706 693 2771 58.
737 2703 842 2770 Obelo
865 2705 963 2789 igitur
984 2701 1172 2768 Zenodotus
1204 2716 1285 2767 usus

175 2815 225 2869 est
248 2817 345 2892 atque
375 2808 489 2874 eadem
521 2810 651 2894 quidem
673 2818 848 2895 potestate,
884 2827 948 2892 qua
974 2808 1175 2893 posteriores
1196 2803 1285 2870 adiri·

174 2905 324 2991 buerunt,
347 2911 517 2996 instructo,
540 2933 602 2998 qua
626 2912 667 2977 de
689 2931 724 2976 re
747 2932 845 2997 quum
868 2909 944 2975 olim
967 2910 1129 2975 dubitaret
1144 2905 1286 2974 Wolnns

174 3010 307 3100 Proleg.
338 3014 379 3078 ad
408 3014 502 3079 Hom.
531 3037 563 3100 p.
587 3016 662 3098 253,
685 3035 750 3081 non
780 3015 980 3099 improbatus
1009 3010 1287 3079 aGraeiechouio

177 3117 295 3182 Geseh.
326 3116 357 3182 d
392 3116 494 3184 klass.
515 3117 695 3207 Philologie
727 3117 764 3182 T.
788 3117 824 3182 ll.
845 3138 877 3202 p.
907 3117 961 3200 92,
983 3114 1118 3181 meliora
1144 3117 1209 3180 iam
1229 3112 1288 3179 do·

177 3223 242 3288 cuit
269 3219 454 3288 Dirutzerus
487 3244 520 3308 p.
542 3223 600 3290 35:
636 3244 678 3289 an
707 3222 778 3289 aliis
811 3240 941 3308 quoque
971 3221 1083 3304 signis.
1118 3218 1288 3300 incertum,

177 3346 239 3390 nec
260 3336 367 3390 tamen
389 3325 555 3411 credibile,
578 3328 728 3414 quoniam
757 3327 790 3390 in
820 3325 918 3391 certis
939 3323 1042 3410 signis
1063 3319 1288 3404 Aristarchiis,

178 3429 338 3516 quasillo
372 3428 486 3495 Veneti
508 3431 738 3517 apospasmatii
766 3427 841 3494 loco
864 3434 1166 3508 commemorantur,
1199 3421 1290 3489 nulle

178 3531 337 3599 Zenodoti
358 3536 476 3601 mentio
499 3535 542 3599 lit.
585 3535 696 3620 ltaque
719 3533 771 3598 hic
798 3532 832 3594 in
853 3529 1040 3595 adornanda
1067 3527 1203 3594 Homeri
1223 3524 1291 3595 edi·

177 3639 266 3705 tione
284 3659 343 3706 sua
362 3658 427 3706 uno
447 3637 535 3704 obeli
556 3639 651 3726 signo
673 3657 750 3704 sese
772 3635 938 3701 continuit.

683 3797 711 3868 ς.
734 3791 787 3862 24.

245 3918 294 3977 Ite
317 3918 455 3978 Homeri
477 3915 695 3977 carminibus
726 3917 766 3974 ub
788 3912 1026 3988 Aristophane
1048 3909 1229 4009 Byzantio

662 4018 814 4080 notatis.

267 4154 421 4244 Sequitur
451 4164 483 4220 et
512 4153 625 4220 ordine
657 4154 779 4219 aetatis·
805 4160 838 4217 et
864 4149 1063 4218 succedendi
1094 4148 1216 4214 iureis
1238 4145 1295 4232 qui

182 4262 211 4329 si
234 4261 306 4355 quis
327 4260 412 4326 alius
433 4279 453 4326 a
472 4257 619 4351 magistri
637 4259 692 4333 ¹sni
720 4275 779 4322 ore
799 4256 1049 4344 praeceptisque
1070 4252 1114 4319 ita
1136 4248 1295 4339 pendens,
