2902 4822
653 403 728 481 too

135 599 320 663 observatio
348 596 389 660 de
411 617 442 659 ν.
465 603 583 661 στεῦτο·
613 594 714 662 ἵστατο
735 602 784 662 νῦν
806 594 855 662 ἐπὶ
885 599 1004 662 ποδῶν·
1036 594 1180 682 κέχρηται
1208 594 1244 663 dl

135 708 171 786 τῇ
191 698 269 773 λέξει
290 697 308 763 ὁ
331 698 541 782 δοαακεοαοτὴς
567 697 650 783 παρὰ
670 699 721 783 τὴν
743 706 794 764 τοῦ
816 707 938 783 ποιητοῦ
961 702 1124 786 συνήθειαν,
1160 722 1244 785 quae

136 804 233 868 verba
267 803 430 886 paulisper
465 812 584 865 mutata
618 804 752 885 repetit,
797 803 978 869 subiunctis
1013 806 1083 886 his,
1128 804 1245 868 Eusta-

136 908 220 971 tbius
250 926 282 990 p.
313 907 408 986 1701,
444 907 503 968 27:
538 902 567 969 ἐν
585 899 690 968 Ἰλιάδι
719 902 761 988 [p
788 905 846 989 83]
877 904 934 989 γὰρ
969 909 1085 973 ατεῦταί
1113 932 1140 972 τι
1168 908 1244 981 ἔπος

136 1006 210 1093 ἐρεῖν
224 1005 358 1092 Ἕκτωρ,
381 1004 442 1072 ἀντὶ
462 1014 514 1072 τοῦ
537 1007 725 1089 ὑπισχνεῖται,
749 1009 973 1091 διαβεβαιοῦται,
995 1010 1016 1094 ἢ
1039 1013 1169 1094 φαίνεται
1182 1023 1243 1074 etc.

136 1111 260 1195 Nempe
288 1110 432 1174 insolens
463 1110 553 1173 verbi
584 1130 663 1174 usus
694 1110 882 1175 offensionis
912 1133 1023 1176 ansam
1054 1112 1244 1176 Aristarcho

137 1213 285 1278 dederat:
316 1214 519 1278 diasceuasta
550 1223 629 1276 vero
662 1212 848 1296 intelligitur
876 1227 991 1280 auctor
1021 1218 1148 1281 illorum
1172 1235 1245 1280 vcr-

137 1339 241 1399 suum,
275 1336 412 1402 quorum
435 1315 475 1378 de
498 1314 579 1379 mala
611 1314 674 1378 fide
703 1314 823 1399 aliquid
845 1316 1044 1385 Scholiastes
1076 1334 1108 1384 et
1129 1319 1245 1385 Eusta-

136 1419 220 1484 thios
243 1419 392 1484 traditum
412 1429 609 1501 repererant.

222 1521 272 1586 De
294 1522 436 1605 epitheto
450 1521 648 1593 Amazonum
670 1519 843 1607 ἀντιάνειραι
864 1523 950 1588 lliad.
963 1548 991 1606 γ,
1008 1526 1069 1589 teo
1086 1533 1119 1588 et
1136 1527 1163 1604 ζ,
1183 1525 1246 1588 186

138 1625 233 1689 obvio
254 1625 331 1688 nihil
354 1626 385 1686 in
402 1622 540 1688 Scholiis
554 1625 698 1692 traditur.
727 1626 864 1711 Supplet
878 1628 1126 1692 Choeroboscus
1140 1625 1245 1710 Epim.
1343 1643 1345 1647 ·

138 1730 169 1792 in
189 1728 307 1792 Psalm.
331 1749 362 1810 p.
386 1727 442 1790 15:
472 1724 526 1800 τὰς
548 1725 582 1791 δὲ
604 1726 804 1814 ,,ἂντιανει’ρας
822 1723 1015 1814 'optume‘
1044 1729 1060 1794 ὁ
1083 1728 1133 1813 μὲν
1153 1723 1245 1812 Ἀρί-

139 1853 266 1914 σταρχος
293 1827 346 1903 τὰς
367 1828 436 1904 ἴσας
457 1827 591 1914 ἀνδρῶν·
624 1833 694 1898 ἔνιοι
722 1832 756 1898 δὲ
784 1831 833 1898 ἐπὶ
862 1838 1029 1918 πολεμικῶν
1058 1831 1111 1906 τὰς
1143 1827 1244 1896 ἀντια-

139 1933 256 2015 ζούοας,
279 1929 342 1997 οἷον
364 1930 581 2017 ἐναντιουμένας
602 1931 734 2019 ἀνδράσι.

636 2087 663 2170 5.
693 2089 745 2152 ae.

179 2179 241 2268 'uc
263 2211 432 2282 Odyssea
458 2213 502 2270 ab
525 2210 756 2269 Aristarcho
785 2218 964 2270 correcte
991 2218 1028 2270 et
1049 2215 1191 2270 notato.

223 2343 420 2410 Transitoris
451 2345 544 2409 nobis
576 2345 618 2408 ad
648 2346 850 2426 propositum
884 2346 986 2410 verbo
1024 2344 1065 2407 de
1098 2342 1249 2426 Odyssea

140 2449 276 2512 seorsim
298 2461 373 2513 ante
395 2449 566 2513 dicendum
589 2460 655 2530 est,
688 2468 787 2532 quum
816 2469 899 2533 quae
927 2450 1084 2513 haetenus
1106 2445 1250 2529 disputa·

140 2549 253 2633 vimus,
277 2551 318 2613 ad
340 2550 447 2614 iliadis
470 2551 571 2615 solius
595 2552 818 2615 recensionem
846 2551 939 2614 unice
971 2561 1121 2633 spectare
1149 2567 1249 2631 posse

139 2651 316 2715 videantur·
354 2652 494 2716 *Etenim
528 2673 625 2737 quum
652 2656 847 2737 praesertim
879 2655 1009 2716 invento
1041 2670 1249 2737 excussoque

139 2753 245 2819 lliedis
269 2755 383 2819 codice
403 2754 535 2820 Veneto
559 2757 599 2820 de
620 2758 707 2820 curis
730 2755 909 2820 Aristarchi
939 2755 1140 2841 aliorumque
1162 2754 1248 2819 criti·

139 2876 250 2921 corum
272 2858 305 2921 in
328 2860 467 2922 notanda
489 2859 588 2922 lliade
610 2859 753 2941 inpensis
785 2857 912 2921 abunde
944 2858 1098 2942 liquebat,
1133 2858 1247 2921 eodem

140 2960 235 3023 modo
259 2979 299 3023 an
322 2963 417 3024 etiam
439 2962 589 3046 Odyssea
613 2962 786 3043 antiquitus
809 2969 945 3024 tractata
968 2973 1073 3041 esset,
1098 2962 1248 3044 quoniam

139 3062 223 3126 baud
245 3064 314 3146 pari
337 3064 556 3128 subsidiorum
587 3063 738 3127 felicitate
766 3064 799 3124 in
828 3064 892 3128 hoc
913 3075 1009 3148 atque
1031 3064 1063 3125 in
1094 3062 1149 3125 illo
1179 3082 1249 3126 car-

140 3166 223 3229 mine
255 3167 355 3229 adiuti
385 3186 508 3249 sumus,
545 3166 630 3229 baud
662 3185 764 3249 aeque
796 3165 829 3227 in
861 3179 1028 3248 comperto
1063 3166 1130 3229 luit.
1175 3164 1249 3227 Non

141 3275 246 3330 tamen
269 3268 365 3352 plane
387 3289 448 3333 nos
471 3270 598 3333 fortuna
621 3269 903 3332 destituitz-immo
925 3277 1135 3353 posteaquam
1156 3286 1249 3351 prae·

140 3372 248 3433 sertim
280 3373 312 3435 in
344 3372 450 3436 lucem
473 3372 638 3455 protracti.
660 3380 734 3434 sunt
757 3371 925 3455 Odysseae
950 3371 1080 3435 codices
1107 3369 1248 3432 Ambro-

141 3472 291 3555 sianusQ
309 3484 340 3537 et
359 3473 559 3556 Harleianus,
582 3473 634 3536 bic
652 3472 791 3536 Porsoni
813 3474 952 3557 primum
975 3475 1157 3554 summaria,
1180 3481 1247 3535 tum

141 3573 283 3638 Crameri
319 3576 561 3641 Anecdotorum
588 3575 692 3641 Paris.
714 3584 801 3638 tomo
830 3574 874 3638 lll
902 3578 1069 3655 accurata,
1104 3573 1248 3658 diligenti

139 3677 191 3741 ille
216 3677 301 3763 Aug.
323 3679 399 3744 Maii
421 3701 509 3762 cura,
533 3680 627 3743 etiam
649 3679 709 3742 hac
731 3678 772 3741 de
793 3698 829 3741 re
852 3678 972 3742 certius
995 3676 1101 3741 edocti
1124 3698 1248 3761 sumus,

140 3792 235 3865 atque
257 3783 351 3846 etiam
374 3783 499 3865 melius,
524 3793 558 3847 ut
574 3799 707 3865 sperare
725 3780 811 3864 licet,
835 3780 1053 3862 edocebimor,
1077 3781 1249 3864 siquando

140 3884 244 3948 codex
266 3885 448 3951 Marcianus
479 3884 659 3968 Odysseam
688 3904 761 3948 cum
792 3883 924 3948 scholiis
955 3884 1068 3964 partim
1097 3903 1138 3947 ex
1160 3894 1249 3947 vete·

139 4007 210 4050 rum
233 3991 513 4071 grammaticorum
535 3986 624 4050 libris
648 3989 809 4070 excerptis
830 3987 1008 4067 continens,
1033 4005 1129 4069 quem
1151 4007 1169 4048 a
1187 3985 1249 4049 Co·

139 4086 214 4152 beto
238 4101 401 4172 repertum
431 4102 464 4154 et
487 4110 660 4153 excussum
683 4102 791 4153 narrant
815 4088 1027 4172 l’luygersius
1062 4090 1107 4170 (ν.
1131 4095 1158 4161 s.
1183 4088 1249 4162 16).

82 4258 86 4263 ,
139 4191 258 4277 publici
290 4193 370 4258 iuris
402 4193 506 4257 iactus
541 4193 647 4256 fuerit.
693 4192 811 4276 Atque,
845 4191 933 4278 quod
962 4191 1145 4278 singulatim
1168 4189 1249 4254 iufra
