2902 4822
680 427 760 507 109

165 635 268 702 paene
301 615 496 681 credendum
530 625 591 699 est,
627 616 792 696 Marciano
824 617 994 703 Odysseae
1029 616 1143 681 codice
1173 636 1274 710 supra

166 730 427 801 commemorato,
463 739 559 803 quern
578 719 825 787 Boestnlleriaui
846 723 948 786 fnisse
977 722 1098 784 fontem
1120 720 1272 804 diximus,

165 824 298 888 alterum
310 822 546 888 Marcianorum
558 825 591 886 in
607 823 737 889 lliadem
748 824 955 890 Scholiornm
971 836 1093 888 tomum
1103 817 1272 907 praestari,

165 947 206 991 ex
229 946 293 1011 qno
315 937 348 991 et
366 926 555 1007 Harleiana.,
586 927 800 993 Ambrosiaua
823 938 855 992 et
877 949 960 1012 quae
982 929 1033 992 his
1062 928 1176 991 similia
1198 938 1274 992 suut

164 1030 286 1096 scholia
306 1032 423 1095 hausta
437 1031 511 1095 sint.
544 1027 610 1093 Sed
634 1031 714 1095 haec
738 1033 844 1096 omnia
867 1042 902 1094 ut
920 1040 1058 1094 tractatu
1075 1030 1273 1112 dignissima,

164 1136 209 1198 ita
228 1153 292 1197 non
316 1136 386 1198 sine
410 1152 526 1217 magno
546 1133 666 1198 laboris
684 1118 848 1218 impendio
870 1144 904 1198 ot
926 1153 1085 1198 novarum
1108 1135 1274 1214 copiarum

164 1236 349 1301 adiumento
370 1236 583 1319 profliganda,
606 1258 704 1320 quum
727 1239 910 1319 exspectari
924 1247 1062 1321 nequeat
1076 1237 1129 1300 hic
1144 1245 1179 1300 nt
1201 1256 1274 1320 per·

164 1341 348 1403 tractentur
366 1339 566 1424 diligentius,
590 1341 767 1404 consistam
790 1342 820 1402 in
844 1360 898 1422 eo,
932 1340 1024 1404 cuins
1046 1340 1149 1423 gratia
1171 1340 1274 1405 istan

164 1461 215 1506 me
238 1441 332 1505 allata
355 1453 440 1522 snut,
472 1453 625 1525 quantum
648 1443 690 1506 ad
722 1462 815 1508 usum
838 1444 1003 1527 signorum
1037 1443 1068 1504 in
1089 1440 1273 1510 ‘Homericis

164 1545 358 1610 carminibus
381 1544 594 1609 adhibitorum
618 1546 881 1632 cognoscendum
911 1547 942 1607 in
965 1545 1081 1608 eodem
1109 1546 1274 1626 copiarum
1331 1626 1333 1631 Ι

163 1648 248 1731 loco,
272 1668 369 1734 quern
390 1646 522 1713 Scholia
543 1648 652 1715 Iliadis
674 1647 798 1712 Veneta
821 1648 994 1727 obtineant,
1018 1648 1113 1711 etiam
1136 1649 1274 1731 quaein

164 1751 344 1836 Odysseam
359 1753 540 1835 conscripta
556 1763 684 1816 exstant
702 1754 870 1815 maximam
883 1762 972 1813 corte
987 1762 1109 1833 partem
1127 1750 1274 1818 habenda

163 1871 247 1920 esse.
282 1854 405 1939 ltaque,
428 1865 463 1919 nt
485 1876 584 1919 unum
606 1855 745 1938 exempli
768 1874 885 1919 caussa
908 1853 1050 1935 afferam,
1073 1873 1137 1917 nou
1157 1855 1274 1936 poterit

164 1958 300 2023 dubitari
323 1960 399 2041 quin
432 1959 611 2023 Aristarchi
633 1958 829 2042 intelligatur
851 1957 962 2038 crisis,
997 1957 1053 2019 uhi
1081 1957 1113 2020 in
1135 1952 1274 2042 ἀθετήσει

162 2063 256 2127 nnius
284 2061 481 2144 alteriusque
508 2082 624 2126 versus
657 2056 857 2143 προαθὲτησις
890 2059 1118 2142 Aristophanis
1154 2062 1274 2128 diserte

162 2164 256 2229 simul
278 2165 457 2246 adnotatur,
481 2164 580 2227 veluti
603 2163 722 2248 Odyss.
735 2165 764 2244 β,
775 2165 854 2227 322;
874 2156 1038 2227 Ἀθετεῖται
1061 2160 1105 2237 ὡς
1126 2163 1274 2248 περιττός·

162 2264 322 2352 προηθέτει
354 2266 463 2333 δὲκαὶ
493 2261 721 2352 Ἀριστοφάνης.
763 2264 804 2328 V.
832 2288 862 2345 α,
899 2266 971 2332 195.
1015 2266 1129 2349 Neque
1162 2268 1274 2334 dubito

162 2371 307 2435 eiusdem
327 2370 461 2434 rationis
482 2379 595 2452 putare
617 2388 675 2433 eos
698 2388 828 2452 quoquo
846 2369 949 2448 locos,
968 2368 1031 2431 uhi
1046 2371 1273 2454 Aristophanis

164 2493 280 2537 nomen
302 2475 470 2556 reticetur,
498 2471 598 2536 veluti
621 2472 738 2556 Odyss.
763 2474 791 2552 δ,
814 2472 887 2534 276.
941 2469 1041 2556 lgitur
1072 2473 1113 2536 ad
1147 2477 1274 2561 singula

165 2577 292 2640 tandem
338 2578 448 2660 signa,
494 2575 610 2659 quihus
653 2575 862 2640 Aristarchus
896 2595 981 2639 usus·
1017 2596 1093 2640 esse
1126 2579 1273 2664 traditur,

162 2679 345 2744 transituris
374 2683 437 2745 iam
465 2679 560 2742 nobis
582 2680 866 2762 praemonendum,
902 2679 931 2742 si
965 2699 1061 2763 quem
1092 2680 1201 2745 locum
1233 2703 1275 2746 ox

164 2780 304 2850 Scholiis
340 2784 374 2846 in
410 2783 591 2867 Odysscam
628 2782 812 2864 adduxero,
853 2801 918 2865 qno
952 2784 1058 2865 ipsum
1095 2786 1275 2850 Aristarchi
1302 2779 1306 2783 ’

165 2903 282 2949 nomen
311 2884 473 2949 laudatum
505 2905 569 2950 non
605 2896 673 2967 est,
703 2886 766 2950 hoe
799 2905 817 2948 a
850 2904 902 2947 me
937 2904 975 2947 ea
1003 2885 1121 2950 liducia
1155 2889 1274 2952 factum
1363 2877 1365 2882 ⁵

166 3009 251 3071 esse,
284 3008 348 3073 qua
380 2991 412 3052 in
444 2989 620 3054 tractandis
650 2987 790 3053 Seholiis
826 2989 858 3051 in
894 2987 1026 3051 lliadem
1060 2987 1211 3073 Venetis,
1246 2990 1274 3055 si

165 3092 262 3155 modo
293 3112 352 3174 per
384 3093 487 3176 ipsius
520 3092 585 3157 loci
610 3092 826 3176 conditionem
858 3092 928 3154 fieri
955 3090 1040 3175 licet,
1072 3093 1156 3157 idem
1185 3103 1274 3159 recte

165 3193 234 3259 deri
255 3195 340 3258 inter
362 3214 474 3260 omues
497 3199 656 3261 convenit.

662 3349 689 3434 s.
719 3350 771 3415 aa.

215 3537 216 3541 ,
311 3476 360 3532 De
381 3475 602 3546 hymnorum
624 3472 906 3534 Homericorum
929 3475 1127 3534 diorthosi.

253 3605 452 3695 Hymnorum
468 3606 725 3690 Homericornm,
749 3618 785 3672 nt
806 3611 903 3672 etiam
924 3610 985 3673 hos
1007 3608 1110 3671 verho
1132 3617 1271 3692 tangam,

164 3711 347 3797 disquisitio
370 3732 389 3776 a
410 3713 579 3795 proposito
601 3711 711 3794 utique
733 3711 914 3794 ahena-est,
939 3711 1273 3796 quippequiagram·

166 3816 291 3879 matieis
304 3814 531 3879 Alexandrinis
550 3814 664 3878 eodem
686 3813 783 3878 modo
806 3817 929 3898 critico,
953 3834 1017 3899 quo
1040 3815 1113 3878 llias
1126 3815 1274 3900 etOdys·

166 3939 234 4002 sea,
257 3920 385 3985 tractati
407 3936 471 3980 non
495 3937 569 3982 esse
592 3917 778 4000 videantur,
809 3927 840 4004 et
862 3919 891 3983 si
913 3928 1035 4000 tamen,
1064 3919 1141 3983 nihil
1164 3940 1273 3984 earum

166 4041 316 4086 curarum
339 4022 512 4085 memoriae
539 4020 720 4085 mandatum
750 4022 801 4084 sit.
846 4020 955 4102 Quid?
992 4021 1079 4106 quod
1105 4042 1170 4087 uno
1199 4022 1273 4088 loco

166 4133 304 4210 excepto
327 4123 414 4188 Iliad.
438 4146 466 4207 o,
490 4124 564 4208 222,
587 4126 620 4188 in
641 4122 780 4189 Scholiis
803 4123 935 4190 Venetis
963 4125 1005 4209 A,
1028 4127 1113 4190 undo
1136 4127 1274 4192 conflata

166 4237 241 4293 sunt
264 4247 347 4313 qnae
368 4227 520 4313 leguntur
541 4227 652 4296 Schol.
673 4226 742 4294 Pal.
765 4228 884 4314 Odyss.
908 4229 937 4312 δ,
960 4230 1014 4314 44,
1037 4231 1153 4298 horum
1174 4228 1272 4315 Hym-
