2902 4822
681 413 756 491 170

163 607 221 695 πρὸ
243 617 381 692 spectat,
404 605 448 674 bn
469 604 530 672 ἀντὶ
552 614 605 672 τοῦ
626 605 683 674 ὑπὸ
705 605 743 672 τὰ
762 603 837 688 νέφη
857 597 949 670 abaco
973 598 1273 692 [utuiuntScboLJ.

163 713 323 796 Appictua
346 722 378 775 ct
400 713 591 776 asteriscusz
625 713 683 775 scd
711 709 866 776 Scholion
900 710 1047 774 excidua
1095 703 1137 770 Ut
1166 706 1275 789 priora

164 815 252 896 loco,
284 816 326 877 ita
350 816 445 878 etiam
466 814 530 877 boc
552 814 606 898 qui
629 816 821 891 asteriscum
845 812 972 893 adiecit,
1005 800 1275 875 iteratus'similia

163 917 310 1002 imaginis
342 916 496 981 formulas
526 919 668 1000 respicit,
703 936 785 1001 quae
817 915 967 999 leguntur
989 917 1017 995 β,
1039 914 1114 979 459.
1136 934 1189 997 sq.
1221 910 1301 977 vel.

163 1021 258 1084 ctiam
280 1041 308 1100 o,
331 1021 403 1084 690.
416 1041 464 1103 sq.
487 1055 528 1067 -
552 1023 586 1100 Γ,
608 1021 671 1083 36:

319 1120 362 1197 ὣς
384 1120 464 1196 αὖτις
485 1118 553 1187 καθ’
577 1119 675 1206 ὅμιλον
697 1122 750 1191 ἔδυ
773 1119 887 1205 Τρώων
910 1117 1084 1204 ἀγερώχων.

165 1224 327 1310 Hcynius:
365 1225 508 1310 »Stigme
537 1224 653 1310 [diple]
677 1227 809 1307 respicit
838 1245 911 1291 voc.
942 1221 1107 1308 ἀγερώχων
1141 1220 1189 1308 [in
1211 1240 1275 1308 qua

164 1329 354 1411 explicanda
378 1329 580 1393 Scholiastac
611 1328 805 1409 disceduntl,
841 1340 873 1392 et
895 1329 1071 1393 asteriscus
1092 1326 1180 1392 idern
1202 1344 1275 1391 voc.

164 1431 197 1498 b.
219 1430 239 1495 l.
263 1432 304 1495 de
326 1431 484 1514 Troianis,
517 1454 577 1497 nec
600 1442 722 1495 tantum
746 1431 785 1494 de
808 1430 941 1495 Rhodiis
964 1432 1012 1510 (B,
1035 1430 1111 1512 654,
1138 1439 1176 1494 ut
1197 1449 1275 1495 nou·

165 1535 242 1598 nulli
275 1538 428 1600 statuisse
451 1534 618 1618 videntur)
653 1535 801 1599 «lictum.a
848 1533 1013 1599 Habemus
1042 1533 1141 1617 igitur
1161 1552 1275 1599 rursus

165 1637 278 1701 similis
301 1638 458 1719 phraseos
477 1642 634 1703 asterisco
654 1647 782 1700 notatae
806 1637 998 1719 exemplum.
1044 1633 1159 1718 Diplac
1180 1636 1274 1700 ratio·

166 1760 238 1804 nem
260 1740 322 1823 ipsi
344 1739 544 1805 Scholiastae
566 1739 798 1822 explicuerunt.
821 1776 863 1787 -
890 1740 924 1820 ll,
947 1739 1031 1802 141:

321 1840 364 1916 ώς
387 1837 413 1907 δ’
435 1840 484 1908 ὅτε
504 1845 548 1918 τίς
567 1837 589 1907 τ’
614 1839 759 1926 ἐλέφαντα
780 1844 849 1927 γυνὴ
874 1843 980 1926 φοίνικι
1001 1841 1104 1931 ριῄνρ,

166 1943 275 2008 Scbol.
295 1945 334 2008 A.
368 1946 388 2030 ἡ
412 1944 445 2010 δὲ
469 1949 568 2031 διπλῆ,
591 1942 634 2012 ὅτι
654 1943 727 2020 τινὲς
749 1943 893 2030 ἐλέφαντα
912 1944 956 2019 ὡς
976 1942 1109 2028 βλαβερὰ
1121 1940 1276 2026 διενηνό-

80 2052 91 2071 ”
165 2069 244 2129 μενοι
272 2045 316 2134 τῴ
347 2046 424 2134 τόνῳ
456 2046 615 2115 ἀπέδωκαν
642 2051 711 2135 ἔρια
737 2047 848 2115 λευκά·
882 2056 930 2114 νῦν
960 2048 995 2112 δὲ
1026 2049 1138 2131 κυρίως
1159 2044 1276 2113 ἀκούων

165 2147 212 2215 τὸν
224 2147 376 2234 ἐλέφαντα.
412 2153 557 2238 Hcynius
571 2154 705 2218 alterum
716 2154 855 2237 signum,
868 2155 987 2237 quippe
1006 2169 1071 2236 quo
1084 2149 1275 2232 declarem,

165 2273 295 2318 versum
317 2266 349 2319 et
381 2255 456 2320 alibi
479 2255 558 2341 legi,
589 2256 629 2319 ab
653 2258 715 2321 boc
747 2255 821 2319 luco
843 2255 981 2319 alienum
1003 2264 1133 2319 censcta
1170 2272 1276 2339 neque

165 2357 239 2420 mibi
263 2357 339 2441 quid
363 2359 393 2421 in
417 2370 522 2423 mente
544 2360 714 2423 adnotator
736 2360 881 2424 habuerit
902 2361 933 2422 in
957 2368 1108 2441 promptu
1130 2368 1191 2422 est.

664 2521 691 2586 S·
724 2515 775 2578 55.

580 2640 630 2695 De
665 2638 854 2702 coronide,

251 2768 421 2834 Postremo
443 2773 574 2834 coronis
604 2771 766 2834 afferenda
789 2782 856 2857 est,
892 2793 956 2837 non
985 2771 1073 2856 quod
1102 2771 1134 2833 in
1157 2768 1278 2834 criticis

167 2874 252 2937 notis
270 2884 331 2953 est,
354 2872 413 2936 sed
437 2874 524 2956 quod
547 2876 601 2958 qui
624 2875 673 2939 bis
697 2875 858 2959 quondam
881 2876 931 2937 usi
954 2882 1039 2956 suot,
1063 2872 1159 2938 simul
1182 2873 1277 2936 etiam

165 2975 251 3039 illam
285 2985 490 3058 usurparunt.
536 2976 635 3042 Cuius
667 2979 767 3063 signi,
799 2980 826 3042 si
850 2977 1052 3042 consuetudo
1073 2976 1277 3060 antiquorum

166 3089 341 3161 spectatur,
376 3099 437 3142 una
470 3079 646 3164 eademque
676 3092 822 3164 potestas
851 3082 921 3164 suit,
951 3081 1061 3144 varius
1089 3089 1197 3143 tamen
1219 3096 1277 3161 pro

166 3183 360 3263 scriptorum
382 3202 502 3266 genere
524 3189 604 3248 usus
627 3187 713 3248 cius:
737 3186 824 3267 quod
847 3183 990 3247 lsidorus
1012 3182 1036 3265 l,
1059 3183 1112 3264 21),
1125 3182 1179 3263 26,
1201 3200 1279 3245 oon·

166 3283 378 3346 sentientibus
406 3283 539 3369 reliquis
571 3289 626 3370 qui
649 3309 716 3351 rem
739 3290 914 3372 attigerunt
944 3286 1161 3370 grammaticis
1190 3294 1278 3349 recte

167 3386 248 3449 dixit
268 3387 300 3448 in
318 3386 386 3468 fine
408 3387 564 3454 librorum
587 3392 719 3474 aymoni,
742 3390 882 3453 simodo
901 3389 1053 3452 librorum
1076 3388 1166 3453 notio
1182 3388 1278 3472 nanto

167 3488 317 3553 liberiore
346 3509 444 3554 sensu
474 3495 629 3574 accipitur
637 3514 647 3573 3
681 3494 766 3556 uude
789 3491 995 3574 proverbium
1024 3490 1102 3555 illud
1125 3490 1278 3555 Roman

166 3613 270 3677 aeque
292 3604 389 3678 atque
412 3592 546 3659 Graecis
569 3598 745 3678 proprium,
769 3596 917 3679 κορωνίδα
929 3590 1093 3675 ἐπιτιθέναι,
1116 3593 1279 3659 ueletiam

166 3692 228 3759 ἀπὸ
250 3704 303 3781 τῆς
324 3693 423 3780 ἀρχῆς
442 3692 531 3781 μέχρι
551 3706 604 3782 τῆς
625 3699 798 3783 κορωνίδος,
832 3707 940 3761 natum
962 3706 1105 3779 constat,
1128 3697 1217 3780 quod
1239 3696 1280 3760 (lc

167 3800 282 3884 quovis
307 3820 406 3882 opere
436 3800 476 3863 ad
499 3800 682 3865 umbilicum
706 3802 862 3885 perducto
885 3800 1009 3863 dicitur.
1053 3796 1092 3863 V.
1122 3797 1280 3864 ὃὼωτιτ

166 3886 253 3966 Dias.
276 3901 303 3964 ll
326 3903 366 3965 tle
389 3905 585 3968 ornamentis
608 3902 762 3966 librorum
786 3904 871 3987 apud
895 3914 1024 3967 veteres
1045 3903 1184 3985 usitatis,
1207 3901 1280 3984 Lip-

167 4005 234 4066 siae
258 4004 352 4084 1706,
376 4005 403 4088 b.
424 4006 510 4070 XVI.
555 4005 725 4088 Rbodigini
748 4006 855 4091 Antiq.
888 4005 960 4071 lect.
982 4002 1056 4086 XV,
1078 4005 1131 4068 20.
1175 4003 1280 4070 Daus-

43 4188 46 4193 .
167 4106 251 4190 queii
274 4107 425 4195 Orthogr.
449 4108 518 4172 Lat.
539 4108 678 4174 Tractat
702 4107 742 4172 V.
764 4108 801 4172 Τ.
825 4108 848 4173 l.
870 4130 904 4192 p.
928 4108 999 4171 171.
1035 4105 1162 4171 Etenim
1184 4104 1280 4173 solita

163 4218 221 4287 ,est
240 4230 305 4278 nou
327 4211 432 4276 solum
464 4210 619 4282 librorum
648 4211 709 4277 sub
739 4210 872 4296 calcem,
908 4210 967 4276 sed
1000 4211 1117 4277 burum
1149 4226 1280 4299 quoquc
