2902 4822
761 422 839 499 tna

244 607 440 677 Heliodorus
468 624 501 676 et
530 612 657 696 Apion,
687 612 731 696 hi,
753 613 809 681 uhi
830 609 1002 678 Homerica
1033 613 1139 698 egitur
1166 611 1352 696 explicatio,

243 715 433 800 plerumque
462 716 699 801 significantur,
733 717 883 800 quotiens
916 708 1135 801 grammatici,
1161 717 1354 800 praesertim

243 817 437 901 Apollonius
460 830 493 882 et
514 818 707 883 scholiastae
729 817 892 884 Homerici
913 831 1011 903 atque
1032 815 1242 902 Eustathius,
1265 838 1354 885 com·

244 922 331 984 muni
352 921 537 986 indicertur
558 918 792 1007 γλοοσογράφων
813 932 971 987 utantur*
1019 918 1242 1006 Verissimum,
1266 923 1355 1006 quod

243 1023 522 1107 descriptoribus,
546 1025 601 1108 qui
612 1028 750 1109 antiquis
762 1025 825 1089 illis
837 1026 999 1110 magistris
1018 1026 1221 1107 posteriores
1230 1036 1354 1108 essent,

242 1127 451 1213 cogitandum
473 1145 549 1191 esse
570 1127 713 1193 Meierus
734 1129 876 1192 censuit:
905 1138 1058 1211 quantum
1082 1146 1161 1192 vero
1182 1128 1225 1192 ed
1246 1127 1355 1193 Helio·
1398 1180 1402 1187 .

244 1229 359 1294 dorum
380 1241 413 1295 et
434 1231 607 1315 Apionem,
629 1250 695 1294 non
717 1231 850 1313 accedo,
883 1231 1043 1314 siquidem
1072 1230 1158 1296 hunc
1178 1230 1301 1296 Tiberii
1321 1242 1355 1296 et

243 1332 369 1399 Claudii
391 1343 495 1399 estete
517 1333 669 1398 floruisse
693 1344 830 1398 coastat.
845 1337 871 1412 ¹)
908 1333 991 1400 Nam
1004 1332 1157 1400 inSchol.
1171 1333 1354 1402 Veneerte

242 1456 308 1501 uno
330 1435 498 1521 alteroque
519 1436 604 1519 loco,
639 1437 694 1521 qui
723 1437 893 1501 manifeste
915 1449 990 1502 sunt
1018 1439 1205 1519 Aristonici,
1239 1437 1354 1521 depre·

242 1539 394 1604 hendtur
412 1540 440 1603 is
463 1538 569 1622 diplae
591 1560 682 1622 usus,
705 1529 822 1624 dequo
835 1541 971 1625 agimus,
995 1552 1133 1606 notatus.
1162 1539 1354 1605 Exscribem

243 1640 351 1725 unum,
374 1643 496 1723 r‚1404:
520 1642 540 1726 ἡ
562 1643 651 1726 διπλῆ
674 1641 751 1727 πρὸς
771 1642 841 1716 τοὺς
861 1641 1126 1728 γλωσσογράφους,
1157 1639 1353 1728 ,,ἀφήτορος“.*

242 1753 293 1811 τοῦ
322 1744 479 1831 στροφέως
509 1745 711 1820 ἀποδιδόντας.
756 1746 850 1812 Alios
876 1748 1084 1831 suppeditare
1117 1757 1228 1832 potest
1255 1744 1354 1811 index

243 1848 465 1933 exemplorum
498 1872 517 1916 a
552 1851 687 1915 Lehrsio
720 1850 881 1914 exhibitus
916 1872 947 1935 p.
980 1851 1041 1934 44,
1083 1850 1201 1935 quihus
1233 1848 1355 1914 addeu-

241 1951 328 2015 dum
342 1972 418 2016 esse
450 1958 476 2036 ε,
501 1955 563 2017 117
585 1955 687 2018 exiis
718 1954 874 2019 docemur
899 1973 982 2039 quae
1005 1954 1046 2018 de
1078 1955 1143 2018 hoc
1173 1952 1249 2016 loco
1277 1969 1355 2017 conv

242 2057 346 2140 gessit
377 2056 463 2121 idem
491 2059 645 2123 Lehrsius
677 2079 709 2142 p.
735 2057 807 2121 112.
850 2057 1003 2123 Ceterum
1034 2057 1099 2122 hoc
1132 2053 1254 2123 dietum
1281 2063 1354 2127 esto

242 2159 284 2222 de
305 2158 386 2224 solis
408 2159 471 2225 illis
487 2159 646 2226 Scholiis:
669 2181 743 2224 nam
765 2160 806 2226 de
819 2159 996 2226 Heliodoro
1019 2170 1052 2225 et
1072 2159 1213 2243 Apioue,
1235 2156 1293 2222 uhi
1312 2156 1354 2222 eh

241 2259 411 2328 Eustathio
433 2263 487 2328 vel
508 2263 572 2328 alio
595 2266 747 2350 quopiam
768 2266 949 2329 recentiore
971 2263 1180 2351 grammatico
1210 2263 1354 2343 rhetore·

243 2361 354 2449 γράφοι
374 2365 536 2432 Homerici
557 2366 736 2451 laudantur,
759 2367 908 2433 lubenter
930 2366 1087 2432 concedo.
1123 2364 1174 2430 Ex
1194 2365 1251 2429 illo
1273 2383 1354 2429 vero

242 2469 421 2535 Aristonici
446 2490 537 2534 more
559 2471 732 2535 adnotandi
755 2471 797 2536 ah
808 2470 998 2536 Aristarcho
1010 2470 1126 2550 alieno,
1149 2488 1246 2554 quem
1259 2462 1360 2553 prae'

241 2573 354 2636 sertim
383 2571 456 2637 loco
480 2574 644 2656 exscripto
675 2594 750 2638 eum
778 2573 950 2638 Aneedoto
977 2574 1122 2638 Romano
1152 2571 1249 2656 plane
1275 2590 1354 2636 con·

243 2676 353 2739 venire
386 2675 497 2759 vides,
531 2676 595 2739 iem
627 2687 726 2760 patet,
762 2677 982 2742 Aristonicum
1014 2679 1047 2741 in
1067 2670 1261 2760 apponenda
1282 2674 1353 2740 illu·

242 2777 438 2863 strandaque
460 2778 640 2845 Aristarchi
662 2781 826 2845 notatione
848 2801 886 2845 se
908 2799 974 2843 non
995 2781 1205 2863 continuisse,
1228 2778 1290 2844 sed
1305 2778 1353 2863 ip·

241 2901 315 2946 sum
346 2883 514 2968 signorum
545 2882 697 2968 quiddam
730 2904 970 2969 nonnumquam
991 2883 1168 2965 adiecisse,
1200 2882 1236 2946 id
1263 2878 1353 2968 quod

242 2985 361 3049 factum
384 3005 459 3050 esse
489 3006 589 3070 posse
611 2988 674 3051 iam
699 2989 855 3070 suspicati
877 3008 1007 3071 sumus,
1040 2983 1099 3053 ubi'
1117 2987 1228 3051 locum
1250 3002 1352 3071 quen·

242 3088 315 3153 dam
336 3087 456 3154 Suidae
477 3090 517 3154 ad
530 3091 751 3156 Aristonicum
773 3092 985 3174 pertinentem
1008 3091 1143 3156 tractavi
1165 3089 1193 3173 h.
1216 3090 1257 3173 33
1280 3090 1352 3155 sive

242 3190 329 3275 quod
359 3191 480 3277 aliquid
513 3213 531 3257 a
564 3197 741 3279 semetipso
771 3196 1006 3280 excogitatum,
1043 3195 1113 3259 sive
1146 3193 1351 3259 extrinsecus

241 3295 387 3378 petitum,
410 3295 593 3362 addendum
614 3297 799 3364 videbaturt
823 3301 915 3364 cuius
938 3297 1132 3363 conditionis
1161 3307 1272 3381 potest
1293 3314 1352 3381 pn·

240 3400 301 3462 tari
323 3397 416 3464 locus
438 3404 470 3482 d,
492 3401 574 3465 209:
597 3400 617 3486 ip
641 3404 729 3487 διπλῆ
752 3397 796 3468 ὅτι
816 3401 989 3466 castrense
1011 3395 1169 3481 ἁπτοεπίς,
1191 3402 1350 3465 καθαπτο-
1399 3464 1407 3479 ,

240 3497 312 3585 μάνη
334 3510 396 3577 τοῖς
417 3502 533 3568 ἔπεσιν·
551 3497 752 3589 Ἀρίσταρχος
774 3503 808 3569 δὲ
830 3507 920 3589 pilei,
950 3503 1006 3568 uhi
1027 3505 1120 3568 vides
1143 3503 1264 3587 diplom
1284 3520 1351 3569 nott

239 3603 281 3668 ah
302 3605 492 3672 Aristarcho
514 3605 671 3673 adiectam
693 3627 785 3689 esse,
806 3608 867 3672 sed
888 3608 930 3672 ah
950 3608 1154 3689 Aristonico,
1187 3624 1282 3672 suem
1301 3606 1350 3691 ip·

239 3709 309 3772 sius
338 3712 529 3775 sententiam
559 3705 711 3777 continuo
740 3711 946 3778 subiicieute:
981 3709 1216 3796 lppcnxdrsper
1248 3707 1285 3775 dl
1313 3706 1349 3775 τὸ

293 3897 320 3962 1)
339 3892 419 3960 Quod
443 3894 580 3965 Berglrius
605 3897 647 3952 De
666 3897 759 3952 tahula
778 3897 872 3952 lliadis
898 3897 1023 3953 Parisina
1048 3913 1076 3970 p.
1094 3902 1121 3956 h.
1145 3914 1178 3953 se
1201 3888 1349 3970 triquadro

343 3981 516 4053 probaturum
536 3985 674 4054 promittit,
700 3983 943 4042 Grammaticorum
967 3991 1084 4057 quatuor
1106 3983 1253 4057 Excerpta,
1277 3998 1347 4056 quae

343 4065 464 4125 Scholiis
491 4067 607 4124 Venetis
631 4068 825 4137 exhibeantur,
852 4071 887 4124 ab
911 4069 1020 4144 Apione
1048 4079 1075 4127 et
1102 4068 1243 4127 Herodem
1273 4066 1346 4139 (sive

341 4152 652 4320 ῗέἑὶἳξοὲῗ),οοηΐοοῑε
671 4174 750 4227 esse,
777 4158 805 4214 td
823 4156 878 4215 sibi
895 4155 1006 4279 habeto.
1037 4156 1079 4219 Cf.
1094 4157 1216 4215 amnes
1232 4152 1277 4277 lle
1293 4152 1345 4213 26·
