2902 4822
732 416 811 493 264

214 613 301 679 idem
330 631 397 676 non
429 610 553 695 poteris
582 629 647 674 non
677 619 819 677 statuere
850 612 890 676 de
922 612 1093 694 ambobus,
1126 630 1210 697 quae
1242 630 1331 677 nunc

216 725 438 799 accesserunt,
471 734 609 799 quorum
631 712 664 777 id
689 715 778 799 quod
800 715 972 781 Nicanoris
995 729 1028 781 et
1057 714 1196 782 Cratetis
1217 724 1331 781 aucto-

215 823 309 887 ritate
330 820 485 901 firmatur,
508 817 548 882 ab
571 828 774 904 argumento,
797 820 885 904 quod
906 822 939 884 in
959 820 1093 906 vulgato
1106 817 1331 903 perscribitur,

217 944 356 1012 prorsus
379 922 525 987 discedit.
571 921 684 1006 Itaque
707 923 885 989 delabimur
913 925 955 988 ad
985 922 1221 1014 rliapsodorum
1242 932 1332 989 aeta·

216 1042 279 1113 tes,
313 1026 430 1113 quibus
462 1033 571 1111 partes
595 1026 751 1111 quasdam
773 1028 918 1112 singulas
947 1027 1193 1093 Homericornrn
1215 1026 1332 1092 carmi·

216 1154 303 1199 uum.
316 1131 499 1196 recitaturis
532 1149 593 1213 pro
618 1149 710 1196 more
732 1131 855 1197 saeculi
884 1132 937 1195 dei
971 1133 1146 1197 deorumve
1167 1132 1332 1196 invocatio

217 1233 450 1323 praemittenda
480 1233 551 1317 fuit,
583 1255 648 1319 qua
676 1236 771 1301 simul
802 1236 843 1301 ad
865 1237 972 1319 ipsum
1001 1237 1152 1301 carminis
1173 1232 1333 1301 recitandi

217 1348 442 1427 argumentum
460 1336 682 1422 praeludendo
699 1339 784 1404 viam
805 1343 977 1425 aperirent.
1008 1341 1112 1423 Quam
1131 1341 1196 1403 vim
1212 1356 1333 1422 prooe-

218 1445 354 1511 miorum
378 1441 574 1525 Quintiliano
596 1463 691 1508 nemo
714 1443 829 1509 melius
852 1445 1034 1527 illustravit,
1058 1445 1099 1508 de
1120 1445 1201 1528 ipsis
1213 1442 1333 1507 Home·
1383 1520 1386 1525 1

217 1548 294 1613 ricis
309 1548 360 1612 ita
383 1546 564 1612 disserente
576 1546 619 1630 X,
632 1546 656 1632 l,
670 1547 730 1611 48:
754 1548 831 1635 Age
851 1569 940 1628 aero,
963 1568 1031 1612 rora
1044 1549 1207 1633 masmae
1225 1547 1334 1631 operis

218 1653 382 1741 ingressas
412 1652 445 1714 ia
460 1654 665 1736 paucissimis
691 1650 833 1716 versibus
862 1651 965 1740 legem
980 1652 1235 1736 prooemium,
1263 1670 1335 1715 nort

219 1755 303 1836 dico,
326 1757 476 1838 serravit,
506 1755 567 1820 scd
585 1755 773 1820 constituit?
815 1755 905 1820 Nam
938 1755 1122 1822 benevolum
1153 1753 1334 1819 auditorem

220 1860 422 1924 inuocatione
451 1859 603 1942 dearum,
634 1881 716 1946 qaas
742 1859 925 1937 praesidere
945 1860 1070 1926 wadre
1098 1858 1252 1925 maten
1273 1865 1332 1941 est,

221 1973 254 2029 ct
270 1967 422 2029 intentam
439 1965 616 2050 proposita
632 1984 742 2029 reram
762 1965 992 2052 magnitudine,
1014 1973 1047 2030 et
1062 1963 1197 2030 άοοὲἰονο
1207 1982 1335 2027 swnma

221 2069 366 2135 celeriter
400 2067 633 2153 comprehensa
659 2068 752 2154 facit.
802 2068 918 2153 Neque
947 2063 1103 2134 abludunt
1132 2086 1216 2153 quac
1247 2064 1336 2129 idem

222 2170 263 2238 de
284 2172 523 2259 prooemiorum
547 2192 667 2259 genere
690 2171 830 2237 iudiciali
852 2172 985 2237 adnotat
1006 2170 1106 2257 1V,1,
1134 2172 1187 2236 63.
1220 2170 1335 2253 ltaque

222 2276 355 2342 dubium
371 2295 446 2340 esse
463 2294 529 2338 non
541 2285 661 2359 potest,
686 2278 761 2361 quin
773 2275 865 2360 plura
878 2275 953 2340 olim
965 2296 1071 2361 neque
1091 2275 1133 2342 ad
1143 2274 1251 2339 solum
1262 2271 1335 2337 llin-
1374 2338 1377 2342 ,

222 2381 272 2446 dis
294 2380 429 2463 initium,
452 2379 512 2444 sed
534 2379 576 2444 ad
598 2379 677 2445 alias
700 2381 845 2468 singulas
868 2381 938 2444 eius
957 2391 1078 2464 partes,
1102 2398 1184 2464 quae
1195 2377 1337 2442 seorsim

221 2484 352 2549 tractari
369 2482 523 2566 solerent,
547 2485 668 2568 scripta
687 2486 854 2568 prooemio
876 2485 1068 2566 exstiterint,
1092 2503 1186 2569 quae,
1208 2480 1336 2565 arhap·

221 2588 313 2655 sodis
344 2588 486 2669 inventa,
521 2607 618 2669 quum
653 2608 695 2678 ex
724 2586 786 2651 illis
816 2589 963 2672 partibus
995 2608 1116 2672 corpus
1139 2606 1238 2651 unum
1259 2602 1338 2649 con·

222 2692 342 2757 sectum
371 2698 471 2773 esset,
505 2688 659 2753 oblivioni
694 2711 733 2756 eo
767 2692 905 2758 celerius
939 2691 1022 2756 tradi
1045 2690 1236 2773 debuerunt,
1270 2705 1339 2773 quo

220 2795 324 2860 rarior
353 2814 428 2858 cum
460 2794 534 2877 ipso
566 2795 722 2859 recitandi
752 2817 841 2862 more
869 2806 1087 2863 evanescente
1119 2778 1200 2861 usus¹
1223 2810 1338 2857 eorum

223 2899 325 2965 fieret.
368 2896 453 2963 Fieri
474 2908 582 2962 autem
604 2919 670 2962 non
693 2902 797 2985 potuit
819 2903 896 2988 quin
918 2902 1068 2985 antiquae
1090 2898 1177 2963 illius
1200 2915 1338 2963 eonsue-

223 3003 342 3070 tudinis
365 3003 503 3088 vestigia
524 3002 676 3067 nonnulla
706 3003 739 3067 in
761 3006 943 3089 composito
973 3002 1081 3069 iliadis
1103 3022 1242 3087 corpore
1264 3002 1339 3067 reti·

223 3116 395 3187 nerentur,
427 3118 494 3171 tum
527 3106 615 3193 quod
648 3110 680 3172 in
711 3107 846 3172 exordio
877 3109 953 3172 novi
983 3108 1163 3193 argumenti
1184 3104 1339 3171 auxilium

330 3318 382 3367 est.
410 3310 497 3366 lluius
511 3313 552 3365 rei
567 3318 754 3381 argumentum
767 3309 908 3378 afferebat,
923 3312 993 3384 quod
1008 3312 1077 3366 duas
1092 3313 1197 3367 litteras
1211 3312 1238 3366 in
1251 3312 1340 3384 primo

329 3417 414 3456 versu
438 3402 578 3472 posuisset
595 3416 630 3454 ex
655 3398 789 3454 industria
808 3397 939 3452 librorum
959 3416 1070 3453 suornm
1089 3415 1231 3454 numerum
1251 3398 1339 3453 conti·

330 3491 457 3543 nentes.“
479 3485 595 3541 Scilicet
609 3486 636 3539 ll
650 3493 677 3540 et
690 3484 715 3538 H
730 3487 840 3541 iunctae
855 3485 985 3539 exhibent
999 3501 1141 3539 nnmerum
1153 3482 1338 3549 XXXlell,

333 3583 398 3648 quot
414 3574 494 3630 libris
515 3582 658 3646 utrumque
683 3590 795 3629 carmen
819 3579 932 3626 constet.
968 3571 1067 3642 Neque
1091 3570 1341 3625 Alexandrinorum

333 3664 491 3717 criticorum
515 3678 678 3732 quemquam
701 3660 776 3713 aliud
800 3660 963 3731 principium
988 3659 1081 3713 iliadis
1106 3660 1228 3723 novisse,
1245 3657 1341 3710 verino

330 3749 395 3803 illae
414 3752 591 3822 quaestiones
609 3766 625 3801 a
644 3747 802 3803 scholiastis
823 3746 959 3818 adipsum
979 3746 1085 3799 initium
1105 3744 1210 3799 relatae
1230 3742 1342 3808 docent,

331 3834 429 3906 quibus
449 3853 499 3891 cur
516 3844 597 3908 poeta
616 3834 664 3889 ἀπὸ
682 3843 725 3908 τῆς
743 3834 839 3908 μήνιδος
863 3835 1028 3906 principium
1052 3833 1227 3904 sumpsisset,
1254 3829 1341 3899 expli·

334 3937 399 3977 carc
422 3922 573 3977 studerent.
610 3919 706 3974 Omnis
730 3938 796 3976 vero
816 3937 849 3974 ea
877 3920 910 3973 de
930 3921 1057 3992 principii
1081 3918 1237 3973 conditione
1255 3931 1341 3987 quae·

331 4012 384 4065 stio
409 4014 501 4081 quanti
519 4013 584 4064 olim
611 4011 755 4065 aestimata
778 4008 870 4075 inerit,
893 4009 1011 4064 ostendit
1034 4007 1172 4063 Lucienus
1189 4004 1256 4059 Ver.
1276 4005 1340 4061 hist.

332 4097 368 4162 ll,
384 4102 429 4164 20,
456 4098 501 4153 ubi
526 4097 682 4171 poetelius
706 4100 883 4169 quaestiones
908 4096 1070 4150 Homericos
1088 4095 1188 4149 irrisos
1204 4092 1342 4149 Homerus

330 4188 391 4258 ipse
409 4188 602 4258 interrogatus,
628 4185 700 4260 τὶδή
717 4205 777 4242 ποτε
794 4185 843 4241 ἀπὸ
860 4195 904 4260 τῆς
921 4183 1018 4258 μήνιδος
1042 4182 1086 4259 τὴν
1105 4181 1184 4259 ἀρχὴν
1202 4180 1342 4254 ἐποιήσατο,

332 4272 510 4345 respondisse
528 4282 668 4330 narratur:
687 4272 762 4335 οὕτως
778 4271 891 4329 irretitis
908 4268 975 4342 αὐτῷ
992 4270 1067 4347 μηδὲν
1084 4268 1272 4344 inspiciente.
