<?xml version="1.0" encoding="UTF-8"?>
<!DOCTYPE html PUBLIC "-//W3C//DTD XHTML 1.0 Transitional//EN"
    "http://www.w3.org/TR/xhtml1/DTD/xhtml1-transitional.dtd">
<html xmlns="http://www.w3.org/1999/xhtml" xml:lang="en" lang="en">
 <head>
  <title>
</title>
<meta http-equiv="Content-Type" content="text/html;charset=utf-8" />
  <meta name='ocr-system' content='tesseract 3.04.00' />
  <meta name='ocr-capabilities' content='ocr_page ocr_carea ocr_par ocr_line ocrx_word'/>
</head>
<body>
  <div class='ocr_page' id='page_1' title='image "./anecdotumromanu00osangoog_0189.png"; bbox 0 0 2902 4822; ppageno 0'>
   <div class='ocr_carea' id='block_1_1' title="bbox 755 421 831 515">
    <p class='ocr_par' dir='ltr' id='par_1_1' title="bbox 755 421 831 515">
     <span class='ocr_line' id='line_1_1' title="bbox 755 421 831 515; baseline 0 0"><span class='ocrx_word' id='word_1_1' title='bbox 755 421 831 515; x_wconf 77' lang='lat' dir='ltr'><strong>ua</strong></span> 
     </span>
    </p>
   </div>
   <div class='ocr_carea' id='block_1_2' title="bbox 237 634 1405 2576">
    <p class='ocr_par' dir='ltr' id='par_1_2' title="bbox 237 634 1405 2576">
     <span class='ocr_line' id='line_1_2' title="bbox 238 634 1405 728; baseline 0.003 -31"><span class='ocrx_word' id='word_1_2' title='bbox 238 634 554 719; x_wconf 82' lang='lat' dir='ltr'><strong>speciem‘ostendit,</strong></span> <span class='ocrx_word' id='word_1_3' title='bbox 590 635 690 699; x_wconf 87' lang='lat' dir='ltr'><strong>veluti</strong></span> <span class='ocrx_word' id='word_1_4' title='bbox 712 650 756 721; x_wconf 78' lang='lat'><strong>3,</strong></span> <span class='ocrx_word' id='word_1_5' title='bbox 788 645 824 698; x_wconf 92' lang='lat' dir='ltr'><strong>ut</strong></span> <span class='ocrx_word' id='word_1_6' title='bbox 846 635 988 720; x_wconf 79' lang='lat' dir='ltr'><strong>pingitur</strong></span> <span class='ocrx_word' id='word_1_7' title='bbox 1009 636 1043 698; x_wconf 93' lang='lat' dir='ltr'><strong>in</strong></span> <span class='ocrx_word' id='word_1_8' title='bbox 1065 636 1208 701; x_wconf 80' lang='lat' dir='ltr'>editione</span> <span class='ocrx_word' id='word_1_9' title='bbox 1228 634 1346 701; x_wconf 84' lang='lat' dir='ltr'><strong>isidori</strong></span> <span class='ocrx_word' id='word_1_10' title='bbox 1399 722 1405 728; x_wconf 32' lang='lat'>·</span> 
     </span>
     <span class='ocr_line' id='line_1_3' title="bbox 238 738 1344 823; baseline 0.004 -23"><span class='ocrx_word' id='word_1_11' title='bbox 238 739 280 800; x_wconf 86' lang='lat' dir='ltr'><strong>ab</strong></span> <span class='ocrx_word' id='word_1_12' title='bbox 309 738 428 802; x_wconf 89' lang='lat' dir='ltr'><strong>Ottone</strong></span> <span class='ocrx_word' id='word_1_13' title='bbox 458 750 584 822; x_wconf 86' lang='lat' dir='ltr'><strong>curata,</strong></span> <span class='ocrx_word' id='word_1_14' title='bbox 606 739 706 803; x_wconf 83' lang='lat' dir='ltr'><strong>aliam</strong></span> <span class='ocrx_word' id='word_1_15' title='bbox 736 738 1015 821; x_wconf 78' lang='lat' dir='ltr'>suppeditantibus</span> <span class='ocrx_word' id='word_1_16' title='bbox 1041 739 1155 804; x_wconf 87' lang='lat' dir='ltr'><strong>codice</strong></span> <span class='ocrx_word' id='word_1_17' title='bbox 1184 739 1344 823; x_wconf 80' lang='lat' dir='ltr'><strong>Parisino,</strong></span> 
     </span>
     <span class='ocr_line' id='line_1_4' title="bbox 237 836 1347 927; baseline 0.005 -23"><span class='ocrx_word' id='word_1_18' title='bbox 237 860 352 905; x_wconf 84' lang='lat' dir='ltr'><strong>rursus</strong></span> <span class='ocrx_word' id='word_1_19' title='bbox 387 842 480 906; x_wconf 82' lang='lat' dir='ltr'><strong>aliam</strong></span> <span class='ocrx_word' id='word_1_20' title='bbox 511 843 681 906; x_wconf 85' lang='lat' dir='ltr'><strong>Anecdoto</strong></span> <span class='ocrx_word' id='word_1_21' title='bbox 717 842 819 906; x_wconf 89' lang='lat' dir='ltr'><strong>Paris.</strong></span> <span class='ocrx_word' id='word_1_22' title='bbox 842 843 961 906; x_wconf 86' lang='lat' dir='ltr'><strong>Lineae</strong></span> <span class='ocrx_word' id='word_1_23' title='bbox 993 862 1073 908; x_wconf 83' lang='lat' dir='ltr'><strong>vero</strong></span> <span class='ocrx_word' id='word_1_24' title='bbox 1096 854 1250 909; x_wconf 76' lang='lat' dir='ltr'><strong>curvatae</strong></span> <span class='ocrx_word' id='word_1_25' title='bbox 1272 836 1347 927; x_wconf 71' lang='grc' dir='ltr'>πρό·</span> 
     </span>
     <span class='ocr_line' id='line_1_5' title="bbox 237 944 1347 1039; baseline 0.001 -30"><span class='ocrx_word' id='word_1_26' title='bbox 237 946 319 1009; x_wconf 89' lang='lat' dir='ltr'><strong>ciem</strong></span> <span class='ocrx_word' id='word_1_27' title='bbox 349 947 444 1010; x_wconf 88' lang='lat' dir='ltr'><strong>etiam</strong></span> <span class='ocrx_word' id='word_1_28' title='bbox 478 946 625 1032; x_wconf 85' lang='lat' dir='ltr'><strong>Papyrus</strong></span> <span class='ocrx_word' id='word_1_29' title='bbox 660 945 911 1009; x_wconf 80' lang='lat' dir='ltr'>Herculanensis</span> <span class='ocrx_word' id='word_1_30' title='bbox 942 944 1081 1026; x_wconf 77' lang='lat' dir='ltr'>exhibet,</span> <span class='ocrx_word' id='word_1_31' title='bbox 1115 947 1158 1011; x_wconf 91' lang='lat' dir='ltr'><strong>ita</strong></span> <span class='ocrx_word' id='word_1_32' title='bbox 1190 957 1226 1012; x_wconf 87' lang='lat' dir='ltr'><strong>ot</strong></span> <span class='ocrx_word' id='word_1_33' title='bbox 1247 964 1347 1039; x_wconf 68' lang='grc' dir='ltr'>συνιο-</span> 
     </span>
     <span class='ocr_line' id='line_1_6' title="bbox 239 1046 1346 1132; baseline 0.002 -23"><span class='ocrx_word' id='word_1_34' title='bbox 239 1065 366 1130; x_wconf 90' lang='lat' dir='ltr'><strong>cunque</strong></span> <span class='ocrx_word' id='word_1_35' title='bbox 396 1050 465 1112; x_wconf 87' lang='lat' dir='ltr'><strong>eius</strong></span> <span class='ocrx_word' id='word_1_36' title='bbox 498 1050 599 1112; x_wconf 83' lang='lat' dir='ltr'><strong>forma</strong></span> <span class='ocrx_word' id='word_1_37' title='bbox 633 1049 749 1130; x_wconf 86' lang='lat' dir='ltr'><strong>fuerit,</strong></span> <span class='ocrx_word' id='word_1_38' title='bbox 786 1069 884 1132; x_wconf 83' lang='lat' dir='ltr'><strong>quum</strong></span> <span class='ocrx_word' id='word_1_39' title='bbox 918 1047 1038 1132; x_wconf 85' lang='lat' dir='ltr'><strong>ubique</strong></span> <span class='ocrx_word' id='word_1_40' title='bbox 1070 1048 1193 1112; x_wconf 90' lang='lat' dir='ltr'><strong>curvati</strong></span> <span class='ocrx_word' id='word_1_41' title='bbox 1225 1046 1346 1132; x_wconf 86' lang='lat' dir='ltr'><strong>aliquid</strong></span> 
     </span>
     <span class='ocr_line' id='line_1_7' title="bbox 238 1151 1347 1239; baseline 0.002 -25"><span class='ocrx_word' id='word_1_42' title='bbox 238 1151 398 1234; x_wconf 87' lang='lat' dir='ltr'><strong>ostendat,</strong></span> <span class='ocrx_word' id='word_1_43' title='bbox 422 1153 506 1216; x_wconf 89' lang='lat' dir='ltr'><strong>baud</strong></span> <span class='ocrx_word' id='word_1_44' title='bbox 530 1152 614 1217; x_wconf 88' lang='lat' dir='ltr'><strong>maie</strong></span> <span class='ocrx_word' id='word_1_45' title='bbox 636 1152 800 1236; x_wconf 74' lang='lat' dir='ltr'>Meleager</span> <span class='ocrx_word' id='word_1_46' title='bbox 823 1173 896 1216; x_wconf 90' lang='lat' dir='ltr'><strong>oum</strong></span> <span class='ocrx_word' id='word_1_47' title='bbox 919 1151 1038 1214; x_wconf 82' lang='lat' dir='ltr'><strong>inflexo</strong></span> <span class='ocrx_word' id='word_1_48' title='bbox 1061 1152 1222 1235; x_wconf 83' lang='lat' dir='ltr'><strong>serpentis</strong></span> <span class='ocrx_word' id='word_1_49' title='bbox 1251 1161 1347 1239; x_wconf 78' lang='lat' dir='ltr'><strong>tergo</strong></span> 
     </span>
     <span class='ocr_line' id='line_1_8' title="bbox 238 1254 1346 1340; baseline 0.002 -23"><span class='ocrx_word' id='word_1_50' title='bbox 238 1255 436 1335; x_wconf 88' lang='lat' dir='ltr'><strong>comparavit</strong></span> <span class='ocrx_word' id='word_1_51' title='bbox 451 1257 679 1340; x_wconf 80' lang='lat' dir='ltr'><strong>epigrammate</strong></span> <span class='ocrx_word' id='word_1_52' title='bbox 694 1257 822 1338; x_wconf 82' lang='lat' dir='ltr'><strong>festivo,</strong></span> <span class='ocrx_word' id='word_1_53' title='bbox 840 1275 906 1338; x_wconf 86' lang='grc' dir='ltr'><strong>ηυο</strong></span> <span class='ocrx_word' id='word_1_54' title='bbox 920 1256 991 1337; x_wconf 84' lang='lat' dir='ltr'><strong>ipsa</strong></span> <span class='ocrx_word' id='word_1_55' title='bbox 1006 1257 1135 1319; x_wconf 87' lang='lat' dir='ltr'><strong>coronis</strong></span> <span class='ocrx_word' id='word_1_56' title='bbox 1148 1257 1239 1339; x_wconf 87' lang='lat' dir='ltr'><strong>opori</strong></span> <span class='ocrx_word' id='word_1_57' title='bbox 1250 1254 1346 1320; x_wconf 79' lang='lat' dir='ltr'><strong>finem</strong></span> 
     </span>
     <span class='ocr_line' id='line_1_9' title="bbox 237 1352 1260 1442; baseline 0.007 -27"><span class='ocrx_word' id='word_1_58' title='bbox 237 1352 426 1436; x_wconf 73' lang='lat' dir='ltr'><strong>impositura</strong></span> <span class='ocrx_word' id='word_1_59' title='bbox 446 1356 670 1439; x_wconf 74' lang='lat' dir='ltr'><strong>introducitur,</strong></span> <span class='ocrx_word' id='word_1_60' title='bbox 689 1360 952 1442; x_wconf 80' lang='lat' dir='ltr'><strong>epigrammatum</strong></span> <span class='ocrx_word' id='word_1_61' title='bbox 971 1359 1113 1422; x_wconf 88' lang='lat' dir='ltr'><strong>omniurn</strong></span> <span class='ocrx_word' id='word_1_62' title='bbox 1131 1354 1260 1423; x_wconf 80' lang='lat' dir='ltr'><strong>ultimo:</strong></span> 
     </span>
     <span class='ocr_line' id='line_1_10' title="bbox 336 1453 1129 1547; baseline 0.008 -26"><span class='ocrx_word' id='word_1_63' title='bbox 336 1453 374 1522; x_wconf 79' lang='lat' dir='ltr'><strong>‘A</strong></span> <span class='ocrx_word' id='word_1_64' title='bbox 396 1457 527 1542; x_wconf 89' lang='grc' dir='ltr'>πύματον</span> <span class='ocrx_word' id='word_1_65' title='bbox 549 1471 709 1547; x_wconf 75' lang='grc' dir='ltr'>καμπτῆρα</span> <span class='ocrx_word' id='word_1_66' title='bbox 730 1460 969 1544; x_wconf 77' lang='grc' dir='ltr'>καταγγέλλουσα</span> <span class='ocrx_word' id='word_1_67' title='bbox 991 1463 1129 1546; x_wconf 86' lang='grc' dir='ltr'>κορωνίς,</span> 
     </span>
     <span class='ocr_line' id='line_1_11' title="bbox 435 1559 1075 1648; baseline 0.003 -22"><span class='ocrx_word' id='word_1_68' title='bbox 435 1559 582 1647; x_wconf 83' lang='grc' dir='ltr'>ὁρκοῦρος</span> <span class='ocrx_word' id='word_1_69' title='bbox 603 1573 746 1648; x_wconf 82' lang='grc' dir='ltr'>γραπτοῖς</span> <span class='ocrx_word' id='word_1_70' title='bbox 769 1561 928 1629; x_wconf 84' lang='grc' dir='ltr'>πιστοτάτα</span> <span class='ocrx_word' id='word_1_71' title='bbox 949 1561 1075 1644; x_wconf 86' lang='grc' dir='ltr'>σέλισιν,</span> 
     </span>
     <span class='ocr_line' id='line_1_12' title="bbox 341 1664 1170 1753; baseline 0.004 -24"><span class='ocrx_word' id='word_1_72' title='bbox 341 1664 416 1750; x_wconf 84' lang='grc' dir='ltr'>φαμὶ</span> <span class='ocrx_word' id='word_1_73' title='bbox 436 1666 486 1731; x_wconf 86' lang='grc' dir='ltr'>τὸν</span> <span class='ocrx_word' id='word_1_74' title='bbox 509 1666 544 1730; x_wconf 76' lang='grc' dir='ltr'><strong>ἐκ</strong></span> <span class='ocrx_word' id='word_1_75' title='bbox 565 1665 681 1732; x_wconf 81' lang='grc' dir='ltr'>πάντων</span> <span class='ocrx_word' id='word_1_76' title='bbox 703 1665 896 1753; x_wconf 76' lang='grc' dir='ltr'><strong>ἠθροισμένον</strong></span> <span class='ocrx_word' id='word_1_77' title='bbox 919 1666 959 1742; x_wconf 82' lang='grc' dir='ltr'>εἰς</span> <span class='ocrx_word' id='word_1_78' title='bbox 987 1668 1038 1733; x_wconf 80' lang='grc' dir='ltr'><strong>ἕνα</strong></span> <span class='ocrx_word' id='word_1_79' title='bbox 1060 1667 1170 1753; x_wconf 86' lang='grc' dir='ltr'>μοργὸν</span> 
     </span>
     <span class='ocr_line' id='line_1_13' title="bbox 436 1765 1025 1858; baseline 0.007 -27"><span class='ocrx_word' id='word_1_80' title='bbox 436 1767 594 1851; x_wconf 78' lang='grc' dir='ltr'>ύμνούετᾶν</span> <span class='ocrx_word' id='word_1_81' title='bbox 617 1769 718 1858; x_wconf 82' lang='grc' dir='ltr'>βύβλῳ</span> <span class='ocrx_word' id='word_1_82' title='bbox 741 1765 806 1858; x_wconf 79' lang='grc' dir='ltr'>τᾷδ’</span> <span class='ocrx_word' id='word_1_83' title='bbox 829 1768 1025 1853; x_wconf 71' lang='grc' dir='ltr'>ἐνελιεοὶμενον</span> 
     </span>
     <span class='ocr_line' id='line_1_14' title="bbox 341 1868 1084 1958; baseline 0.007 -25"><span class='ocrx_word' id='word_1_84' title='bbox 341 1868 491 1936; x_wconf 76' lang='grc' dir='ltr'>ἐκτελέσαι</span> <span class='ocrx_word' id='word_1_85' title='bbox 513 1870 693 1958; x_wconf 80' lang='grc' dir='ltr'>Μελέαγρον,</span> <span class='ocrx_word' id='word_1_86' title='bbox 717 1871 886 1957; x_wconf 75' lang='grc' dir='ltr'>ἀείμνηστον</span> <span class='ocrx_word' id='word_1_87' title='bbox 911 1872 945 1938; x_wconf 77' lang='grc' dir='ltr'><strong>δὲ</strong></span> <span class='ocrx_word' id='word_1_88' title='bbox 968 1875 1084 1939; x_wconf 79' lang='grc' dir='ltr'>Διοκλεῖ</span> 
     </span>
     <span class='ocr_line' id='line_1_15' title="bbox 384 1972 1046 2062; baseline 0.009 -27"><span class='ocrx_word' id='word_1_89' title='bbox 384 1972 484 2038; x_wconf 76' lang='grc' dir='ltr'>ἄνθεσι</span> <span class='ocrx_word' id='word_1_90' title='bbox 506 1974 668 2058; x_wconf 74' lang='grc' dir='ltr'>συμπλέξαι</span> <span class='ocrx_word' id='word_1_91' title='bbox 689 1974 870 2062; x_wconf 83' lang='grc' dir='ltr'>μουσοπύλῳ</span> <span class='ocrx_word' id='word_1_92' title='bbox 894 1972 1046 2058; x_wconf 83' lang='grc' dir='ltr'>στέφανον.</span> 
     </span>
     <span class='ocr_line' id='line_1_16' title="bbox 341 2071 1171 2164; baseline 0.002 -22"><span class='ocrx_word' id='word_1_93' title='bbox 341 2073 415 2142; x_wconf 84' lang='grc' dir='ltr'>σύλα</span> <span class='ocrx_word' id='word_1_94' title='bbox 438 2071 463 2144; x_wconf 78' lang='grc' dir='ltr'><strong>δ’</strong></span> <span class='ocrx_word' id='word_1_95' title='bbox 487 2075 547 2163; x_wconf 77' lang='grc' dir='ltr'><strong>ἐγώ</strong></span> <span class='ocrx_word' id='word_1_96' title='bbox 570 2086 742 2164; x_wconf 79' lang='grc' dir='ltr'>καμφθεῖσσ</span> <span class='ocrx_word' id='word_1_97' title='bbox 762 2080 957 2163; x_wconf 78' lang='grc' dir='ltr'>δρακοντείοις</span> <span class='ocrx_word' id='word_1_98' title='bbox 979 2077 1030 2143; x_wconf 80' lang='grc' dir='ltr'>ἴσα</span> <span class='ocrx_word' id='word_1_99' title='bbox 1050 2077 1171 2163; x_wconf 77' lang='grc' dir='ltr'>νώτοις,</span> 
     </span>
     <span class='ocr_line' id='line_1_17' title="bbox 436 2179 1131 2271; baseline -0.004 -23"><span class='ocrx_word' id='word_1_100' title='bbox 436 2185 593 2271; x_wconf 85' lang='grc' dir='ltr'>σύνθρονος</span> <span class='ocrx_word' id='word_1_101' title='bbox 614 2184 733 2270; x_wconf 77' lang='grc' dir='ltr'>ἵδρυμαι</span> <span class='ocrx_word' id='word_1_102' title='bbox 753 2180 889 2267; x_wconf 85' lang='grc' dir='ltr'>τέρμασιν</span> <span class='ocrx_word' id='word_1_103' title='bbox 912 2179 1063 2266; x_wconf 77' lang='grc' dir='ltr'>εύμαθίσς.</span> <span class='ocrx_word' id='word_1_104' title='bbox 1089 2186 1131 2256; x_wconf 86' lang='lat'><strong>¹).</strong></span> 
     </span>
     <span class='ocr_line' id='line_1_18' title="bbox 238 2286 1348 2376; baseline 0 -25"><span class='ocrx_word' id='word_1_105' title='bbox 238 2286 317 2351; x_wconf 78' lang='lat' dir='ltr'><strong>Cum</strong></span> <span class='ocrx_word' id='word_1_106' title='bbox 342 2287 401 2351; x_wconf 91' lang='lat' dir='ltr'><strong>bac</strong></span> <span class='ocrx_word' id='word_1_107' title='bbox 424 2290 506 2372; x_wconf 83' lang='lat' dir='ltr'><strong>signi</strong></span> <span class='ocrx_word' id='word_1_108' title='bbox 531 2300 692 2376; x_wconf 81' lang='lat' dir='ltr'><strong>potestate</strong></span> <span class='ocrx_word' id='word_1_109' title='bbox 715 2289 797 2351; x_wconf 90' lang='lat' dir='ltr'><strong>bene</strong></span> <span class='ocrx_word' id='word_1_110' title='bbox 820 2288 971 2350; x_wconf 90' lang='lat' dir='ltr'><strong>convenit</strong></span> <span class='ocrx_word' id='word_1_111' title='bbox 993 2289 1084 2352; x_wconf 90' lang='lat' dir='ltr'><strong>vocis</strong></span> <span class='ocrx_word' id='word_1_112' title='bbox 1100 2288 1203 2372; x_wconf 80' lang='lat' dir='ltr'><strong>origo,</strong></span> <span class='ocrx_word' id='word_1_113' title='bbox 1227 2287 1348 2371; x_wconf 79' lang='lat' dir='ltr'><strong>quippo</strong></span> 
     </span>
     <span class='ocr_line' id='line_1_19' title="bbox 238 2386 1346 2474; baseline 0.002 -23"><span class='ocrx_word' id='word_1_114' title='bbox 238 2387 404 2452; x_wconf 84' lang='lat' dir='ltr'><strong>ducendae</strong></span> <span class='ocrx_word' id='word_1_115' title='bbox 428 2410 444 2452; x_wconf 92' lang='lat' dir='ltr'><strong>a</strong></span> <span class='ocrx_word' id='word_1_116' title='bbox 469 2387 598 2474; x_wconf 83' lang='grc' dir='ltr'>κορώνη,</span> <span class='ocrx_word' id='word_1_117' title='bbox 622 2391 662 2454; x_wconf 90' lang='lat' dir='ltr'><strong>de</strong></span> <span class='ocrx_word' id='word_1_118' title='bbox 685 2412 746 2474; x_wconf 89' lang='lat' dir='ltr'><strong>qua</strong></span> <span class='ocrx_word' id='word_1_119' title='bbox 771 2386 880 2454; x_wconf 82' lang='lat' dir='ltr'><strong>Sobel.</strong></span> <span class='ocrx_word' id='word_1_120' title='bbox 903 2388 971 2451; x_wconf 86' lang='lat' dir='ltr'><strong>Pal.</strong></span> <span class='ocrx_word' id='word_1_121' title='bbox 995 2386 1114 2474; x_wconf 77' lang='lat' dir='ltr'><strong>odyss.</strong></span> <span class='ocrx_word' id='word_1_122' title='bbox 1138 2412 1169 2471; x_wconf 91' lang='grc' dir='ltr'><strong>η,</strong></span> <span class='ocrx_word' id='word_1_123' title='bbox 1192 2391 1248 2453; x_wconf 79' lang='grc' dir='ltr'>9οτ</span> <span class='ocrx_word' id='word_1_124' title='bbox 1269 2390 1346 2454; x_wconf 76' lang='lat' dir='ltr'><strong>iio·</strong></span> 
     </span>
     <span class='ocr_line' id='line_1_20' title="bbox 239 2488 1348 2576; baseline 0.001 -22"><span class='ocrx_word' id='word_1_125' title='bbox 239 2488 318 2574; x_wconf 92' lang='grc' dir='ltr'>ρώνη</span> <span class='ocrx_word' id='word_1_126' title='bbox 341 2491 392 2557; x_wconf 88' lang='grc' dir='ltr'><strong>καὶ</strong></span> <span class='ocrx_word' id='word_1_127' title='bbox 414 2490 462 2557; x_wconf 78' lang='grc' dir='ltr'>ἐπὶ</span> <span class='ocrx_word' id='word_1_128' title='bbox 482 2500 536 2558; x_wconf 83' lang='grc' dir='ltr'>τού</span> <span class='ocrx_word' id='word_1_129' title='bbox 555 2492 641 2566; x_wconf 73' lang='grc' dir='ltr'>τόξου</span> <span class='ocrx_word' id='word_1_130' title='bbox 664 2491 713 2557; x_wconf 82' lang='grc' dir='ltr'><strong>καὶ</strong></span> <span class='ocrx_word' id='word_1_131' title='bbox 736 2491 784 2557; x_wconf 83' lang='grc' dir='ltr'>ἐπὶ</span> <span class='ocrx_word' id='word_1_132' title='bbox 805 2500 858 2576; x_wconf 82' lang='grc' dir='ltr'><strong>τῆς</strong></span> <span class='ocrx_word' id='word_1_133' title='bbox 879 2492 974 2575; x_wconf 81' lang='grc' dir='ltr'>θύρας</span> <span class='ocrx_word' id='word_1_134' title='bbox 996 2489 1047 2556; x_wconf 80' lang='grc' dir='ltr'><strong>καὶ</strong></span> <span class='ocrx_word' id='word_1_135' title='bbox 1069 2490 1118 2556; x_wconf 76' lang='grc' dir='ltr'>ἐπὶ</span> <span class='ocrx_word' id='word_1_136' title='bbox 1138 2500 1192 2576; x_wconf 83' lang='grc' dir='ltr'><strong>τῆς</strong></span> <span class='ocrx_word' id='word_1_137' title='bbox 1212 2490 1348 2576; x_wconf 83' lang='grc' dir='ltr'>πρύμνης</span> 
     </span>
    </p>
   </div>
   <div class='ocr_carea' id='block_1_3' title="bbox 237 2589 1347 2886">
    <p class='ocr_par' dir='ltr' id='par_1_3' title="bbox 237 2589 1347 2886">
     <span class='ocr_line' id='line_1_21' title="bbox 237 2589 1347 2679; baseline 0.001 -22"><span class='ocrx_word' id='word_1_138' title='bbox 237 2601 288 2657; x_wconf 83' lang='grc' dir='ltr'>τοῦ</span> <span class='ocrx_word' id='word_1_139' title='bbox 310 2595 424 2675; x_wconf 86' lang='grc' dir='ltr'>πλοίου,</span> <span class='ocrx_word' id='word_1_140' title='bbox 448 2591 553 2659; x_wconf 84' lang='grc' dir='ltr'>διὰτὸ</span> <span class='ocrx_word' id='word_1_141' title='bbox 577 2592 739 2679; x_wconf 82' lang='grc' dir='ltr'>ἐπικαμπὲς</span> <span class='ocrx_word' id='word_1_142' title='bbox 761 2600 879 2679; x_wconf 81' lang='grc' dir='ltr'>σχῆμα·</span> <span class='ocrx_word' id='word_1_143' title='bbox 903 2592 1015 2677; x_wconf 78' lang='grc' dir='ltr'>εἴρηται</span> <span class='ocrx_word' id='word_1_144' title='bbox 1036 2593 1182 2658; x_wconf 71' lang='grc' dir='ltr'>δὲταῦτα</span> <span class='ocrx_word' id='word_1_145' title='bbox 1211 2589 1273 2658; x_wconf 76' lang='grc' dir='ltr'>ἀπὸ</span> <span class='ocrx_word' id='word_1_146' title='bbox 1294 2598 1347 2658; x_wconf 85' lang='grc' dir='ltr'>τού</span> 
     </span>
     <span class='ocr_line' id='line_1_22' title="bbox 239 2691 1347 2782; baseline 0.001 -23"><span class='ocrx_word' id='word_1_147' title='bbox 239 2693 330 2776; x_wconf 78' lang='grc' dir='ltr'>ζώου,</span> <span class='ocrx_word' id='word_1_148' title='bbox 352 2705 404 2780; x_wconf 73' lang='grc' dir='ltr'><strong>της</strong></span> <span class='ocrx_word' id='word_1_149' title='bbox 425 2695 576 2782; x_wconf 83' lang='grc' dir='ltr'>κορώνης·</span> <span class='ocrx_word' id='word_1_150' title='bbox 600 2695 764 2780; x_wconf 83' lang='grc' dir='ltr'>εύλύγιστον</span> <span class='ocrx_word' id='word_1_151' title='bbox 786 2694 843 2780; x_wconf 82' lang='grc' dir='ltr'><strong>γὰρ</strong></span> <span class='ocrx_word' id='word_1_152' title='bbox 866 2697 931 2779; x_wconf 71' lang='grc' dir='ltr'>ἔχει</span> <span class='ocrx_word' id='word_1_153' title='bbox 954 2693 1022 2761; x_wconf 83' lang='grc' dir='ltr'>ὅσον</span> <span class='ocrx_word' id='word_1_154' title='bbox 1045 2694 1182 2782; x_wconf 76' lang='grc' dir='ltr'>εὐκαμπῆ</span> <span class='ocrx_word' id='word_1_155' title='bbox 1204 2694 1255 2760; x_wconf 86' lang='grc' dir='ltr'>τὸν</span> <span class='ocrx_word' id='word_1_156' title='bbox 1268 2691 1347 2781; x_wconf 81' lang='grc' dir='ltr'><strong>κρά-Ι</strong></span> 
     </span>
     <span class='ocr_line' id='line_1_23' title="bbox 238 2796 1346 2886; baseline 0.002 -24"><span class='ocrx_word' id='word_1_157' title='bbox 238 2801 347 2881; x_wconf 86' lang='grc' dir='ltr'>χηλον·</span> <span class='ocrx_word' id='word_1_158' title='bbox 369 2798 508 2885; x_wconf 82' lang='grc' dir='ltr'>καὶπερὶ</span> <span class='ocrx_word' id='word_1_159' title='bbox 530 2798 638 2886; x_wconf 84' lang='grc' dir='ltr'>μέρους</span> <span class='ocrx_word' id='word_1_160' title='bbox 661 2799 797 2886; x_wconf 89' lang='grc' dir='ltr'>σώματος</span> <span class='ocrx_word' id='word_1_161' title='bbox 827 2798 875 2865; x_wconf 81' lang='grc' dir='ltr'>ἐπὶ</span> <span class='ocrx_word' id='word_1_162' title='bbox 902 2809 955 2866; x_wconf 78' lang='grc' dir='ltr'>τοῦ</span> <span class='ocrx_word' id='word_1_163' title='bbox 977 2797 1121 2884; x_wconf 81' lang='grc' dir='ltr'>ἀγκῶνος.</span> <span class='ocrx_word' id='word_1_164' title='bbox 1142 2798 1171 2883; x_wconf 83' lang='lat'><strong>²)</strong></span> <span class='ocrx_word' id='word_1_165' title='bbox 1216 2796 1346 2873; x_wconf 67' lang='grc' dir='ltr'>Φιλύξιὲ</span> 
     </span>
    </p>
   </div>
   <div class='ocr_carea' id='block_1_4' title="bbox 294 3019 1349 4128">
    <p class='ocr_par' dir='ltr' id='par_1_4' title="bbox 294 3019 1349 4128">
     <span class='ocr_line' id='line_1_24' title="bbox 294 3019 1344 3095; baseline 0.004 -24"><span class='ocrx_word' id='word_1_166' title='bbox 294 3023 322 3082; x_wconf 91' lang='grc'><strong>1)</strong></span> <span class='ocrx_word' id='word_1_167' title='bbox 341 3021 436 3076; x_wconf 85' lang='lat' dir='ltr'><strong>iacobs</strong></span> <span class='ocrx_word' id='word_1_168' title='bbox 455 3023 565 3079; x_wconf 84' lang='lat' dir='ltr'><strong>Antbol.</strong></span> <span class='ocrx_word' id='word_1_169' title='bbox 584 3022 642 3079; x_wconf 84' lang='lat' dir='ltr'><strong>Pal.</strong></span> <span class='ocrx_word' id='word_1_170' title='bbox 661 3020 691 3078; x_wconf 77' lang='grc' dir='ltr'><strong>Τ.</strong></span> <span class='ocrx_word' id='word_1_171' title='bbox 712 3023 748 3078; x_wconf 89' lang='grc'><strong>11.’</strong></span> <span class='ocrx_word' id='word_1_172' title='bbox 777 3041 801 3094; x_wconf 90' lang='lat' dir='ltr'><strong>p.</strong></span> <span class='ocrx_word' id='word_1_173' title='bbox 821 3026 882 3083; x_wconf 75' lang='lat'><strong>529.</strong></span> <span class='ocrx_word' id='word_1_174' title='bbox 917 3019 995 3087; x_wconf 79' lang='lat' dir='ltr'><strong>Quae</strong></span> <span class='ocrx_word' id='word_1_175' title='bbox 1019 3022 1123 3077; x_wconf 85' lang='lat' dir='ltr'><strong>mutavi</strong></span> <span class='ocrx_word' id='word_1_176' title='bbox 1146 3024 1220 3095; x_wconf 80' lang='lat' dir='ltr'><strong>ipse,</strong></span> <span class='ocrx_word' id='word_1_177' title='bbox 1247 3021 1344 3077; x_wconf 82' lang='lat' dir='ltr'><strong>borum</strong></span> 
     </span>
     <span class='ocr_line' id='line_1_25' title="bbox 340 3108 1346 3166; baseline 0.001 -4"><span class='ocrx_word' id='word_1_178' title='bbox 340 3109 386 3163; x_wconf 90' lang='lat' dir='ltr'><strong>bic</strong></span> <span class='ocrx_word' id='word_1_179' title='bbox 405 3119 447 3165; x_wconf 86' lang='lat' dir='ltr'><strong>est</strong></span> <span class='ocrx_word' id='word_1_180' title='bbox 465 3111 547 3165; x_wconf 82' lang='lat' dir='ltr'><strong>index</strong></span> <span class='ocrx_word' id='word_1_181' title='bbox 565 3118 592 3166; x_wconf 87' lang='lat' dir='ltr'><strong>et</strong></span> <span class='ocrx_word' id='word_1_182' title='bbox 611 3113 695 3165; x_wconf 85' lang='lat' dir='ltr'><strong>ratio:</strong></span> <span class='ocrx_word' id='word_1_183' title='bbox 729 3113 776 3165; x_wconf 84' lang='lat' dir='ltr'><strong>Vs.</strong></span> <span class='ocrx_word' id='word_1_184' title='bbox 795 3115 812 3164; x_wconf 82' lang='grc'>3</span> <span class='ocrx_word' id='word_1_185' title='bbox 834 3109 974 3164; x_wconf 87' lang='lat' dir='ltr'><strong>iacobsius</strong></span> <span class='ocrx_word' id='word_1_186' title='bbox 994 3110 1079 3162; x_wconf 85' lang='lat' dir='ltr'><strong>Paiat.</strong></span> <span class='ocrx_word' id='word_1_187' title='bbox 1097 3108 1248 3164; x_wconf 81' lang='lat' dir='ltr'><strong>lectionem</strong></span> <span class='ocrx_word' id='word_1_188' title='bbox 1266 3124 1346 3163; x_wconf 77' lang='lat' dir='ltr'><strong>roro·</strong></span> 
     </span>
     <span class='ocr_line' id='line_1_26' title="bbox 341 3195 1347 3271; baseline 0.003 -23"><span class='ocrx_word' id='word_1_189' title='bbox 341 3200 422 3262; x_wconf 83' lang='lat' dir='ltr'><strong>cavit,</strong></span> <span class='ocrx_word' id='word_1_190' title='bbox 449 3197 550 3271; x_wconf 70' lang='grc' dir='ltr'>μόχθον,</span> <span class='ocrx_word' id='word_1_191' title='bbox 580 3216 660 3269; x_wconf 86' lang='lat' dir='ltr'><strong>quarn</strong></span> <span class='ocrx_word' id='word_1_192' title='bbox 688 3200 805 3253; x_wconf 83' lang='lat' dir='ltr'><strong>alienam</strong></span> <span class='ocrx_word' id='word_1_193' title='bbox 831 3200 896 3252; x_wconf 88' lang='lat' dir='ltr'><strong>olim</strong></span> <span class='ocrx_word' id='word_1_194' title='bbox 915 3200 976 3268; x_wconf 89' lang='lat' dir='ltr'><strong>ipse</strong></span> <span class='ocrx_word' id='word_1_195' title='bbox 995 3198 1229 3266; x_wconf 79' lang='lat' dir='ltr'><strong>pronuntiaverat.</strong></span> <span class='ocrx_word' id='word_1_196' title='bbox 1263 3195 1347 3263; x_wconf 71' lang='lat' dir='ltr'><strong>Quot</strong></span> 
     </span>
     <span class='ocr_line' id='line_1_27' title="bbox 341 3281 1343 3358; baseline 0.001 -20"><span class='ocrx_word' id='word_1_197' title='bbox 341 3289 449 3339; x_wconf 90' lang='lat' dir='ltr'><strong>restitui</strong></span> <span class='ocrx_word' id='word_1_198' title='bbox 475 3287 593 3341; x_wconf 88' lang='lat' dir='ltr'><strong>firmabit</strong></span> <span class='ocrx_word' id='word_1_199' title='bbox 618 3289 693 3351; x_wconf 88' lang='lat' dir='ltr'><strong>satis,</strong></span> <span class='ocrx_word' id='word_1_200' title='bbox 721 3295 751 3340; x_wconf 89' lang='lat' dir='ltr'><strong>ut</strong></span> <span class='ocrx_word' id='word_1_201' title='bbox 779 3289 884 3358; x_wconf 86' lang='lat' dir='ltr'><strong>opinor,</strong></span> <span class='ocrx_word' id='word_1_202' title='bbox 911 3284 1048 3337; x_wconf 84' lang='lat' dir='ltr'><strong>Aristides</strong></span> <span class='ocrx_word' id='word_1_203' title='bbox 1073 3281 1185 3349; x_wconf 79' lang='lat' dir='ltr'><strong>Quintil.</strong></span> <span class='ocrx_word' id='word_1_204' title='bbox 1213 3285 1232 3341; x_wconf 87' lang='grc' dir='ltr'><strong>Ι.</strong></span> <span class='ocrx_word' id='word_1_205' title='bbox 1262 3302 1290 3357; x_wconf 83' lang='grc' dir='ltr'>γι.</span> <span class='ocrx_word' id='word_1_206' title='bbox 1316 3288 1343 3339; x_wconf 80' lang='lat' dir='ltr'><strong>t.</strong></span> 
     </span>
     <span class='ocr_line' id='line_1_28' title="bbox 337 3360 1343 3448; baseline -0.003 -24"><span class='ocrx_word' id='word_1_207' title='bbox 337 3372 420 3429; x_wconf 79' lang='lat' dir='ltr'><strong>Meib.</strong></span> <span class='ocrx_word' id='word_1_208' title='bbox 439 3375 495 3434; x_wconf 90' lang='grc' dir='ltr'>Τοῖς</span> <span class='ocrx_word' id='word_1_209' title='bbox 512 3360 554 3447; x_wconf 72' lang='grc' dir='ltr'><strong>μὲν</strong></span> <span class='ocrx_word' id='word_1_210' title='bbox 571 3374 617 3448; x_wconf 83' lang='grc' dir='ltr'><strong>γὰρ</strong></span> <span class='ocrx_word' id='word_1_211' title='bbox 635 3381 757 3443; x_wconf 85' lang='grc' dir='ltr'>ποιητοῖς,</span> <span class='ocrx_word' id='word_1_212' title='bbox 773 3372 813 3426; x_wconf 80' lang='grc' dir='ltr'><strong>καὶ</strong></span> <span class='ocrx_word' id='word_1_213' title='bbox 835 3381 911 3425; x_wconf 83' lang='grc' dir='ltr'>ταῦτα</span> <span class='ocrx_word' id='word_1_214' title='bbox 929 3368 1003 3443; x_wconf 78' lang='grc' dir='ltr'>μηδὲν</span> <span class='ocrx_word' id='word_1_215' title='bbox 1021 3378 1132 3442; x_wconf 74' lang='grc' dir='ltr'>μουσικῆς</span> <span class='ocrx_word' id='word_1_216' title='bbox 1148 3368 1204 3441; x_wconf 87' lang='grc' dir='ltr'>πέρι</span> <span class='ocrx_word' id='word_1_217' title='bbox 1221 3368 1343 3425; x_wconf 75' lang='grc' dir='ltr'>διαπονου-</span> 
     </span>
     <span class='ocr_line' id='line_1_29' title="bbox 341 3452 1344 3533; baseline -0.002 -23"><span class='ocrx_word' id='word_1_218' title='bbox 341 3458 426 3529; x_wconf 87' lang='grc' dir='ltr'>μένοις,</span> <span class='ocrx_word' id='word_1_219' title='bbox 445 3463 521 3533; x_wconf 77' lang='grc' dir='ltr'>μικρῷ</span> <span class='ocrx_word' id='word_1_220' title='bbox 539 3456 566 3510; x_wconf 77' lang='grc' dir='ltr'><strong>δὲ</strong></span> <span class='ocrx_word' id='word_1_221' title='bbox 589 3477 632 3512; x_wconf 90' lang='grc' dir='ltr'>τινι</span> <span class='ocrx_word' id='word_1_222' title='bbox 649 3457 735 3530; x_wconf 83' lang='grc' dir='ltr'>ταύτης</span> <span class='ocrx_word' id='word_1_223' title='bbox 753 3464 835 3533; x_wconf 80' lang='grc' dir='ltr'>μοργῷ</span> <span class='ocrx_word' id='word_1_224' title='bbox 851 3456 963 3532; x_wconf 69' lang='grc' dir='ltr'>πράξεσιν</span> <span class='ocrx_word' id='word_1_225' title='bbox 980 3454 1091 3508; x_wconf 84' lang='grc' dir='ltr'>παλαιῶν</span> <span class='ocrx_word' id='word_1_226' title='bbox 1116 3452 1235 3529; x_wconf 74' lang='grc' dir='ltr'>ἀφήγησιν</span> <span class='ocrx_word' id='word_1_227' title='bbox 1258 3472 1344 3529; x_wconf 36' lang='lat' dir='ltr'><strong>noto&amp;</strong></span> 
     </span>
     <span class='ocr_line' id='line_1_30' title="bbox 342 3536 1344 3614; baseline -0.005 -20"><span class='ocrx_word' id='word_1_228' title='bbox 342 3541 418 3614; x_wconf 80' lang='grc' dir='ltr'>μένοις</span> <span class='ocrx_word' id='word_1_229' title='bbox 435 3543 529 3598; x_wconf 76' lang='grc' dir='ltr'>Μοῦσαί</span> <span class='ocrx_word' id='word_1_230' title='bbox 553 3562 579 3596; x_wconf 77' lang='grc' dir='ltr'><strong>τι</strong></span> <span class='ocrx_word' id='word_1_231' title='bbox 597 3543 724 3597; x_wconf 77' lang='grc' dir='ltr'>καλοῦνται</span> <span class='ocrx_word' id='word_1_232' title='bbox 746 3540 786 3595; x_wconf 82' lang='grc' dir='ltr'><strong>καὶ</strong></span> <span class='ocrx_word' id='word_1_233' title='bbox 801 3538 929 3594; x_wconf 79' lang='grc' dir='ltr'>Ἀπόλλων</span> <span class='ocrx_word' id='word_1_234' title='bbox 953 3540 1054 3592; x_wconf 80' lang='grc' dir='ltr'>Μουσῶν</span> <span class='ocrx_word' id='word_1_235' title='bbox 1072 3537 1208 3610; x_wconf 70' lang='grc' dir='ltr'>ἐπιστάτης,</span> <span class='ocrx_word' id='word_1_236' title='bbox 1232 3536 1344 3608; x_wconf 66' lang='lat' dir='ltr'><strong>quibus·</strong></span> 
     </span>
     <span class='ocr_line' id='line_1_31' title="bbox 341 3620 1349 3700; baseline -0.007 -19"><span class='ocrx_word' id='word_1_237' title='bbox 341 3644 402 3682; x_wconf 90' lang='lat' dir='ltr'><strong>cum</strong></span> <span class='ocrx_word' id='word_1_238' title='bbox 423 3630 608 3684; x_wconf 78' lang='lat' dir='ltr'><strong>conserendus</strong></span> <span class='ocrx_word' id='word_1_239' title='bbox 626 3629 797 3700; x_wconf 76' lang='lat' dir='ltr'><strong>Hesychius:</strong></span> <span class='ocrx_word' id='word_1_240' title='bbox 816 3625 920 3700; x_wconf 81' lang='grc' dir='ltr'>Μύργστ,</span> <span class='ocrx_word' id='word_1_241' title='bbox 938 3622 1055 3698; x_wconf 79' lang='grc' dir='ltr'>φραγμότ.</span> <span class='ocrx_word' id='word_1_242' title='bbox 1087 3623 1251 3690; x_wconf 77' lang='lat' dir='ltr'><strong>intelligitur</strong></span> <span class='ocrx_word' id='word_1_243' title='bbox 1267 3620 1349 3689; x_wconf 63' lang='lat' dir='ltr'><strong>iguo</strong></span> 
     </span>
     <span class='ocr_line' id='line_1_32' title="bbox 341 3705 1348 3787; baseline -0.007 -19"><span class='ocrx_word' id='word_1_244' title='bbox 341 3723 463 3785; x_wconf 85' lang='lat' dir='ltr'><strong>septum,</strong></span> <span class='ocrx_word' id='word_1_245' title='bbox 494 3719 523 3770; x_wconf 91' lang='lat' dir='ltr'><strong>in</strong></span> <span class='ocrx_word' id='word_1_246' title='bbox 548 3733 601 3787; x_wconf 86' lang='lat' dir='ltr'><strong>quo</strong></span> <span class='ocrx_word' id='word_1_247' title='bbox 629 3714 731 3786; x_wconf 86' lang='lat' dir='ltr'><strong>aliquid</strong></span> <span class='ocrx_word' id='word_1_248' title='bbox 759 3718 941 3772; x_wconf 85' lang='lat' dir='ltr'><strong>coerceatur,</strong></span> <span class='ocrx_word' id='word_1_249' title='bbox 968 3726 1029 3762; x_wconf 90' lang='lat' dir='ltr'><strong>cum</strong></span> <span class='ocrx_word' id='word_1_250' title='bbox 1053 3725 1108 3779; x_wconf 86' lang='lat' dir='ltr'><strong>qua</strong></span> <span class='ocrx_word' id='word_1_251' title='bbox 1135 3709 1253 3774; x_wconf 77' lang='lat' dir='ltr'><strong>imagine</strong></span> <span class='ocrx_word' id='word_1_252' title='bbox 1276 3705 1348 3761; x_wconf 77' lang='lat' dir='ltr'><strong>beno</strong></span> 
     </span>
     <span class='ocr_line' id='line_1_33' title="bbox 340 3788 1348 3874; baseline -0.004 -21"><span class='ocrx_word' id='word_1_253' title='bbox 340 3804 467 3856; x_wconf 90' lang='lat' dir='ltr'><strong>convenit</strong></span> <span class='ocrx_word' id='word_1_254' title='bbox 485 3803 557 3874; x_wconf 87' lang='lat' dir='ltr'><strong>quod</strong></span> <span class='ocrx_word' id='word_1_255' title='bbox 577 3819 658 3857; x_wconf 86' lang='lat' dir='ltr'><strong>versu</strong></span> <span class='ocrx_word' id='word_1_256' title='bbox 678 3799 857 3872; x_wconf 87' lang='lat' dir='ltr'><strong>praecedenti</strong></span> <span class='ocrx_word' id='word_1_257' title='bbox 877 3797 975 3864; x_wconf 86' lang='lat' dir='ltr'><strong>legitur</strong></span> <span class='ocrx_word' id='word_1_258' title='bbox 993 3794 1106 3870; x_wconf 81' lang='grc' dir='ltr'>ὀρκουρος</span> <span class='ocrx_word' id='word_1_259' title='bbox 1125 3801 1176 3848; x_wconf 84' lang='lat' dir='ltr'><strong>etc.</strong></span> <span class='ocrx_word' id='word_1_260' title='bbox 1194 3788 1230 3835; x_wconf 77' lang='grc'><strong>’-</strong></span> <span class='ocrx_word' id='word_1_261' title='bbox 1253 3791 1305 3850; x_wconf 83' lang='lat' dir='ltr'><strong>Vs.</strong></span> <span class='ocrx_word' id='word_1_262' title='bbox 1320 3794 1348 3849; x_wconf 74' lang='lat' dir='ltr'><strong>b·</strong></span> 
     </span>
     <span class='ocr_line' id='line_1_34' title="bbox 342 3876 1347 3959; baseline -0.005 -23"><span class='ocrx_word' id='word_1_263' title='bbox 342 3885 473 3954; x_wconf 79' lang='lat' dir='ltr'><strong>vulgatur</strong></span> <span class='ocrx_word' id='word_1_264' title='bbox 500 3887 657 3959; x_wconf 79' lang='grc' dir='ltr'>μουσοπόλον.</span> <span class='ocrx_word' id='word_1_265' title='bbox 700 3883 814 3946; x_wconf 85' lang='lat' dir='ltr'><strong>Metius,</strong></span> <span class='ocrx_word' id='word_1_266' title='bbox 838 3881 944 3950; x_wconf 86' lang='lat' dir='ltr'><strong>opinor,</strong></span> <span class='ocrx_word' id='word_1_267' title='bbox 972 3879 1054 3933; x_wconf 89' lang='lat' dir='ltr'><strong>habet</strong></span> <span class='ocrx_word' id='word_1_268' title='bbox 1079 3878 1219 3949; x_wconf 87' lang='lat' dir='ltr'><strong>epitheton</strong></span> <span class='ocrx_word' id='word_1_269' title='bbox 1244 3876 1347 3931; x_wconf 84' lang='lat' dir='ltr'><strong>nomini</strong></span> 
     </span>
     <span class='ocr_line' id='line_1_35' title="bbox 343 3963 1349 4041; baseline -0.007 -19"><span class='ocrx_word' id='word_1_270' title='bbox 343 3969 450 4023; x_wconf 83' lang='lat' dir='ltr'><strong>Dioclis</strong></span> <span class='ocrx_word' id='word_1_271' title='bbox 468 3971 620 4024; x_wconf 87' lang='lat' dir='ltr'><strong>adiectum:</strong></span> <span class='ocrx_word' id='word_1_272' title='bbox 639 3971 683 4023; x_wconf 90' lang='lat' dir='ltr'><strong>oui</strong></span> <span class='ocrx_word' id='word_1_273' title='bbox 702 3967 748 4020; x_wconf 88' lang='lat' dir='ltr'><strong>ubi</strong></span> <span class='ocrx_word' id='word_1_274' title='bbox 767 3966 902 4037; x_wconf 84' lang='lat' dir='ltr'><strong>oppeliam</strong></span> <span class='ocrx_word' id='word_1_275' title='bbox 926 3974 1005 4036; x_wconf 85' lang='lat' dir='ltr'><strong>poeta</strong></span> <span class='ocrx_word' id='word_1_276' title='bbox 1024 3982 1101 4018; x_wconf 87' lang='lat' dir='ltr'><strong>suum</strong></span> <span class='ocrx_word' id='word_1_277' title='bbox 1119 3967 1206 4035; x_wconf 88' lang='lat' dir='ltr'><strong>primo</strong></span> <span class='ocrx_word' id='word_1_278' title='bbox 1226 3963 1349 4041; x_wconf 77' lang='lat' dir='ltr'><strong>carmine</strong></span> 
     </span>
     <span class='ocr_line' id='line_1_36' title="bbox 341 4048 1349 4128; baseline -0.007 -18"><span class='ocrx_word' id='word_1_279' title='bbox 341 4057 463 4110; x_wconf 88' lang='lat' dir='ltr'><strong>dedicari</strong></span> <span class='ocrx_word' id='word_1_280' title='bbox 482 4058 585 4122; x_wconf 87' lang='lat' dir='ltr'><strong>scribit,</strong></span> <span class='ocrx_word' id='word_1_281' title='bbox 611 4072 680 4111; x_wconf 86' lang='lat' dir='ltr'><strong>voce</strong></span> <span class='ocrx_word' id='word_1_282' title='bbox 705 4051 817 4128; x_wconf 74' lang='grc' dir='ltr'>ἀρίζαλος</span> <span class='ocrx_word' id='word_1_283' title='bbox 830 4052 938 4106; x_wconf 84' lang='lat' dir='ltr'><strong>adiecta</strong></span> <span class='ocrx_word' id='word_1_284' title='bbox 957 4051 1077 4104; x_wconf 89' lang='lat' dir='ltr'><strong>debitum</strong></span> <span class='ocrx_word' id='word_1_285' title='bbox 1097 4050 1229 4104; x_wconf 81' lang='lat' dir='ltr'><strong>bonorem</strong></span> <span class='ocrx_word' id='word_1_286' title='bbox 1246 4048 1349 4114; x_wconf 68' lang='lat' dir='ltr'><strong>uento,</strong></span> 
     </span>
    </p>
   </div>
   <div class='ocr_carea' id='block_1_5' title="bbox 290 4135 1349 4322">
    <p class='ocr_par' dir='ltr' id='par_1_5' title="bbox 290 4135 1349 4322">
     <span class='ocr_line' id='line_1_37' title="bbox 341 4135 1163 4213; baseline -0.005 -17"><span class='ocrx_word' id='word_1_287' title='bbox 341 4143 414 4197; x_wconf 84' lang='lat' dir='ltr'><strong>idem</strong></span> <span class='ocrx_word' id='word_1_288' title='bbox 433 4143 620 4213; x_wconf 79' lang='lat' dir='ltr'><strong>probabiliter,</strong></span> <span class='ocrx_word' id='word_1_289' title='bbox 638 4141 683 4196; x_wconf 91' lang='lat' dir='ltr'><strong>ubi</strong></span> <span class='ocrx_word' id='word_1_290' title='bbox 701 4148 868 4213; x_wconf 87' lang='lat' dir='ltr'><strong>postremum</strong></span> <span class='ocrx_word' id='word_1_291' title='bbox 886 4137 1015 4210; x_wconf 76' lang='lat' dir='ltr'><strong>appellat,</strong></span> <span class='ocrx_word' id='word_1_292' title='bbox 1032 4135 1163 4192; x_wconf 74' lang='lat' dir='ltr'><strong>tacturus</strong></span> 
     </span>
     <span class='ocr_line' id='line_1_38' title="bbox 290 4231 1349 4322; baseline -0.005 -20"><span class='ocrx_word' id='word_1_293' title='bbox 290 4247 320 4322; x_wconf 71' lang='lat' dir='ltr'><strong>a)</strong></span> <span class='ocrx_word' id='word_1_294' title='bbox 338 4245 449 4305; x_wconf 67' lang='lat' dir='ltr'><strong>Parum</strong></span> <span class='ocrx_word' id='word_1_295' title='bbox 466 4248 496 4306; x_wconf 89' lang='lat' dir='ltr'><strong>iu</strong></span> <span class='ocrx_word' id='word_1_296' title='bbox 513 4243 688 4304; x_wconf 82' lang='lat' dir='ltr'><strong>Boissouadii</strong></span> <span class='ocrx_word' id='word_1_297' title='bbox 704 4241 812 4302; x_wconf 76' lang='lat' dir='ltr'><strong>brecti.</strong></span> <span class='ocrx_word' id='word_1_298' title='bbox 830 4240 879 4299; x_wconf 78' lang='lat' dir='ltr'><strong>Gr.</strong></span> <span class='ocrx_word' id='word_1_299' title='bbox 898 4238 928 4296; x_wconf 81' lang='grc' dir='ltr'><strong>Τ·</strong></span> <span class='ocrx_word' id='word_1_300' title='bbox 948 4239 994 4299; x_wconf 85' lang='lat' dir='ltr'><strong>lii.</strong></span> <span class='ocrx_word' id='word_1_301' title='bbox 1013 4255 1042 4313; x_wconf 85' lang='grc' dir='ltr'>γι.</span> <span class='ocrx_word' id='word_1_302' title='bbox 1059 4240 1127 4295; x_wconf 65' lang='grc' dir='ltr'>κλοπ</span> <span class='ocrx_word' id='word_1_303' title='bbox 1143 4237 1260 4318; x_wconf 72' lang='grc' dir='ltr'>Κορώνην</span> <span class='ocrx_word' id='word_1_304' title='bbox 1277 4231 1349 4297; x_wconf 68' lang='lat' dir='ltr'>M</span> 
     </span>
    </p>
   </div>
   <div class='ocr_carea' id='block_1_6' title="bbox 0 0 1457 4822">
    <p class='ocr_par' dir='ltr' id='par_1_6' title="bbox 0 0 1457 4822">
     <span class='ocr_line' id='line_1_39' title="bbox 0 0 1457 4822; baseline 0 0"><span class='ocrx_word' id='word_1_305' title='bbox 0 0 1457 4822; x_wconf 95' lang='lat' dir='ltr'><strong> </strong></span> 
     </span>
    </p>
   </div>
  </div>
 </body>
</html>
