2902 4822
681 474 757 551 163

163 669 372 754 cognoscitur
401 667 508 732 exiis
536 668 619 751 quae
641 665 722 730 inira
752 665 793 733 de
815 665 972 730 lemnisco
1002 663 1029 745 ξ.
1051 663 1090 727 71
1117 663 1275 769 'dicenturf

163 792 203 837 ac
223 774 413 856 praesertim
443 791 484 836 ex
508 770 663 855 Hesychii
693 769 767 835 loco
795 771 839 834 ibi
872 767 1171 849 commemorando,
1207 785 1273 852 quc

163 875 370 960 asperiorum
393 875 563 939 duobusve
584 875 713 956 punctis
735 885 850 937 auctae
867 873 998 936 nomine
1014 871 1187 934 lemniscus
1209 870 1277 954 sig-

164 978 319 1042 nificatur.
352 976 420 1041 Sed
441 988 516 1040 sunt
538 977 620 1040 haec
643 977 816 1041 notationis
838 976 880 1040 ab
897 975 1036 1059 Origene
1059 974 1163 1038 sacris
1184 972 1276 1039 libris
1383 981 1386 986 '

164 1081 336 1163 adhibitae,
360 1100 465 1164 neque
487 1081 541 1164 qui
564 1090 638 1143 ante
660 1080 745 1143 hunc
767 1082 837 1144 eius
850 1080 933 1164 signi
951 1078 1146 1141 mentionem
1162 1076 1277 1141 iecerit

165 1186 196 1247 in
219 1194 386 1267 comperto
409 1182 523 1264 habeo,
558 1194 594 1246 ut
616 1184 722 1247 malim
745 1184 777 1246 id
805 1185 932 1268 signum
956 1199 998 1244 ex
1027 1180 1134 1244 classe
1155 1178 1276 1246 Home·

165 1289 305 1351 ricorum
328 1286 552 1368 exterminare,
576 1289 696 1369 quippe
719 1285 801 1350 maie
823 1288 887 1350 huc
909 1284 948 1348 ab
972 1284 1197 1348 ecclesiastico
1219 1282 1276 1348 aii·

122 1387 128 1394 ”
166 1409 231 1473 qno
254 1388 452 1454 translatum.
505 1459 507 1464 A

670 1552 698 1617 S.
722 1546 773 1610 51.

522 1666 572 1723 Dc
599 1683 730 1742 omega
763 1670 923 1745 obliquo,

252 1802 324 1865 Hoc
348 1802 475 1883 signum
496 1817 536 1882 fl,
559 1801 622 1864 sub
644 1802 766 1866 calcem
789 1803 948 1869 Anecdoti
965 1803 1081 1868 Veneti
1103 1814 1281 1886 repertum·
1393 1844 1398 1852 -

168 1925 232 1990 quo
256 1903 413 1985 explicem
434 1901 514 1990 *nihil
527 1906 578 1966 est
596 1904 811 1988 inpromptu:
835 1928 941 1992 neque
959 1909 1014 1992 qui
1030 1913 1110 1971 usus
1126 1906 1170 1969 sit
1189 1914 1281 1968 mon«

167 2022 270 2072 strare
292 2026 426 2092 possum
448 2005 557 2069 ullum.
602 2006 653 2070 An
676 2008 759 2072 forte
782 2013 883 2075 errori
914 2030 1027 2074 eorum
1059 2006 1278 2085 tribuendum,

169 2113 223 2196 qui
258 2112 426 2195 antisigma
459 2108 665 2192 punctatum,
697 2111 788 2194 quod·
816 2133 919 2197 prope
952 2111 993 2175 ad
1025 2112 1120 2175 istius
1143 2108 1278 2173 formam
1324 2132 1326 2139 ·

169 2212 304 2293 accedit,
327 2212 478 2296 quodque
499 2211 532 2275 iu
554 2211 652 2276 iliade
663 2212 789 2278 Veneta
811 2216 974 2299 appictum
996 2210 1283 2297 deprehendimus,·
1348 2240 1353 2253 1

170 2312 395 2380 confuderint?
1108 2315 1112 2324 '
1154 2346 1157 2348 ·
1183 2331 1187 2336 ·
1279 2328 1281 2333 ·

669 2478 697 2544 s.
729 2455 793 2537 tay

326 2599 378 2654 [te
399 2595 562 2670 reliquis
585 2595 706 2669 signis
729 2595 883 2654 criticis
906 2597 1124 2659 Homericis.

256 2728 421 2796 Hactenus
451 2731 491 2795 de
519 2732 621 2816 signis
650 2730 690 2793 iis
713 2730 928 2812 posteriorum
951 2733 1136 2795 criticorum
1159 2732 1280 2798 dictum

171 2841 232 2915 est,
256 2852 392 2916 quorum
413 2836 557 2899 notitiam
580 2844 635 2898 aut
657 2853 698 2896 ex
720 2843 867 2896 notarum
885 2832 999 2895 libellis
1017 2845 1073 2897 aut
1087 2834 1281 2901 exScholiis

171 2934 352 3000 Homericis
374 2939 576 3020 accepimus:
599 2946 749 3019 superest
772 2946 806 2999 ut
828 2955 942 2999 eorum
970 2955 1099 3019 quoque
1122 2939 1203 3002 ratio
1226 2935 1286 3003 ha?

171 3039 303 3123 beatur,
334 3060 417 3122 quae
449 3042 482 3102 in
509 3038 616 3103 iliadis
639 3049 793 3103 contextu
817 3037 941 3102 Veneto
971 3037 1107 3123 singulis
1129 3042 1281 3107 versibus

171 3143 299 3226 appicta
329 3143 532 3226 reperiuntur
540 3163 551 3225 3
588 3162 725 3227 quorum
747 3141 802 3205 ubi
835 3163 889 3207 res
912 3142 1054 3224 ferebat,
1089 3163 1187 3227 quum
1217 3143 1282 3210 iam
1373 3127 1376 3133 ¹

172 3247 241 3309 suis
263 3245 345 3310 locis
368 3246 486 3308 mentio
509 3244 728 3326 meminerit,
763 3246 815 3309 hic
837 3246 1025 3329 appendicis
1053 3245 1127 3309 loco
1150 3267 1189 3310 ea
1210 3247 1287 3314 sola

172 3347 334 3411 afferenda
357 3359 443 3430 sunt,
476 3367 559 3431 quae
582 3347 695 3411 ordine
718 3348 954 3431 disputationis
967 3349 1132 3412 institutae
1154 3354 1284 3416 tractari
1310 3367 1334 3394 0

172 3443 237 3513 non
260 3441 417 3532 poterant.
462 3449 612 3514 Ceterum
634 3451 667 3512 in
689 3470 801 3514 manca
829 3451 889 3515 hac
911 3470 1008 3515 verae
1032 3462 1203 3516 contextus
1227 3457 1283 3518 no·
1313 3499 1318 3505 «

171 3542 303 3617 tationis
338 3553 520 3638 cognitione
551 3571 617 3616 non
648 3554 727 3617 satis
759 3552 975 3636 deploranda,
1008 3553 1050 3616 de
1083 3574 1147 3637 qua
1181 3559 1285 3640 supra

172 3654 304 3737 dictum,
338 3655 488 3721 standum
520 3667 572 3720 est
604 3656 637 3718 in
670 3656 806 3741 singuiis
839 3666 936 3740 atque
969 3658 1001 3719 in
1032 3657 1119 3719 'fama
1147 3658 1283 3726 incerta

171 3757 256 3822 Sunt
287 3778 368 3822 vero
401 3760 484 3823 istae
516 3754 612 3822 notae
645 3777 686 3821 ex
713 3778 833 3842 genere
855 3760 1116 3841 compositarum,
1148 3765 1291 3844 quarum

172 3880 269 3926 unam
291 3861 425 3926 sormam
448 3862 535 3926 obeli
557 3882 633 3927 cum
654 3862 811 3925 asterisco
830 3863 928 3926 iuncti
941 3861 1164 3946 Aristarchus
1185 3886 1285 3949 quan·

172 3976 241 4028 tum
264 3957 396 4044 scimus,
419 3985 510 4031 suam
532 3967 626 4031 fecit:
649 3963 793 4028 eiusdem
805 3966 935 4048 generis
949 3975 1024 4029 sunt
1036 3967 1165 4046 species
1178 3968 1288 4052 diplas·

172 4078 248 4132 cum
271 4067 367 4133 obelo
389 4079 422 4133 et
443 4069 591 4133 asterisci
613 4088 686 4134 cum
709 4065 794 4150 dipla
816 4076 980 4150 punctata,
1004 4086 1085 4153 quas
1112 4089 1173 4134 suo
1195 4071 1290 4155 loco,'
1384 4059 1387 4063 Δ

172 4169 230 4235 ubi
252 4171 293 4236 de
322 4171 503 4237 Aristarchi
533 4171 715 4255 signatione
736 4168 916 4234 Zenodotia
946 4189 1054 4235 sermo
1083 4172 1143 4236 fuit
1176 4181 1205 4247 s.
1228 4174 1283 4256 35,
1347 4174 1351 4187 ‘
1388 4175 1397 4191 ”

172 4275 394 4341 tractavimus.
438 4274 529 4358 Quae
549 4272 595 4338 ibi
616 4273 779 4357 disputata
800 4284 887 4359 sunt,
916 4274 1021 4359 plane*
1039 4295 1079 4339 ea
1100 4275 1284 4360 ostendunt,

351 4396 352 4399 ¹
1018 4376 1083 4442 11*
