2902 4822
688 426 764 503 107

169 619 370 701 Bodstalleri,
393 620 447 701 qui
470 616 614 682 Venetiis
637 619 706 702 regi
728 615 893 681 Gallorum
916 637 934 680 a
957 616 1071 702 legatis
1095 617 1163 699 fuit,
1187 628 1278 682 catn-

170 721 248 807 logo
276 723 434 802 codicum,
469 741 564 805 quem
589 716 753 804 vulgatum
780 719 936 783 debemus
966 720 1144 784 industriae
1170 717 1278 783 Caroli

168 823 315 888 Muelleri
345 823 532 888 Analector.
566 823 778 886 Beroensinm
800 821 887 886 Part.
919 821 942 886 l.
968 823 1061 902 1839,
1085 842 1182 907 quem
1204 823 1278 885 vide

169 948 200 1008 p.
221 928 254 1008 2,
288 926 384 990 simul
407 927 503 990 docte
524 936 556 989 et
584 945 662 989 vere
694 924 742 988 de>
764 926 945 989 Aristarchi
980 925 1217 990 commentariis
1246 924 1296 1009 in,

170 1029 351 1114 Odysseam
376 1028 571 1113 loquentem,
604 1029 743 1092 hicnon
770 1027 986 1109 expilandum.
1030 1027 1181 1091 Ceterum
1213 1045 1279 1089 non

169 1131 283 1196 tacebo
308 1130 409 1214 quod,
442 1151 540 1214 quum
563 1150 646 1215 qnae
669 1131 709 1194 de
738 1129 929 1196 Bodstalleri
957 1131 1070 1195 codice
1101 1129 1279 1212 produntur

169 1233 321 1318 legerem,
354 1234 386 1296 in
420 1244 559 1297 mentem
589 1234 665 1304 mihi
701 1234 796 1298 venit.
847 1232 952 1314 Quum
986 1235 1018 1297 in
1051 1233 1166 1298 codiee
1200 1231 1278 1295 illud

168 1336 352 1400 Aristarchi
383 1356 466 1418 opus
500 1337 563 1401 hoo
593 1337 690 1400 modo
715 1337 901 1417 inscriptum
935 1337 1057 1401 feratur
1087 1337 1132 1416 (v.
1162 1356 1193 1418 p.
1222 1335 1277 1407 tr:

165 1433 364 1522 Ἀριστάρχου
386 1437 436 1503 καὶ
466 1439 567 1504 ἄλλων
595 1447 680 1505 τινῶν
703 1438 842 1523 ἑρμηνεία
870 1436 911 1513 εἷς
934 1432 1112 1506 Ὀδύσσειαν
1131 1434 1279 1521 Ὁμήρου,

169 1541 318 1625 proclivis
341 1543 399 1605 fnit
423 1544 621 1624 comparatio
644 1543 760 1606 horum
783 1544 1084 1606 commentariorum
1108 1557 1181 1604 cum
1208 1561 1278 1605 eor

168 1664 248 1728 pore
275 1645 472 1709 scholiorum
494 1645 527 1707 in
548 1645 680 1708 lliadem
701 1643 911 1728 Venetorum,
947 1665 1085 1729 quornm
1114 1644 1157 1707 ad
1182 1644 1279 1706 ratio·

169 1768 241 1813 nem
263 1756 295 1812 et
316 1747 459 1812 indolem
483 1748 577 1810 etiam
599 1748 686 1811 illam
708 1749 948 1812 adnotationum
972 1749 1171 1833 congeriem,
1195 1763 1279 1828 quae

168 1849 360 1916 Boestalleri
373 1851 486 1914 codice
499 1852 727 1933 contineretur,
736 1852 952 1933 compositam
965 1835 1076 1932 luisse,
1094 1859 1159 1913 non
1169 1851 1278 1930 inepte

167 1952 370 2016 indicaveris.
414 1952 500 2034 Quid
531 1954 594 2015 iam
624 1953 665 2016 ad
698 1954 865 2017 veritatem
895 1953 1031 2017 similius
1065 1975 1140 2019 esse
1170 1961 1278 2036 potest

168 2074 263 2140 quam
286 2065 322 2118 nt
342 2065 522 2119 statuamus
542 2056 671 2120 maioris
694 2054 890 2120 scholiorum
914 2058 1074 2139 eorporis,
1105 2075 1172 2139 quo
1190 2075 1279 2120 com·
1378 2093 1391 2112 ·

168 2158 312 2226 mental-ii
335 2158 367 2219 in
389 2169 559 2240 utrumqne
582 2177 665 2241 opus
686 2156 894 2223 Homericum
917 2158 1277 2242 comprehenderentur,

167 2259 298 2324 alteram
322 2272 463 2342 purtem,
491 2280 575 2344 quae
598 2260 780 2344 Odysseam
807 2262 976 2342 complexa
999 2274 1105 2344 esset,
1139 2263 1171 2323 in
1194 2261 1278 2324 Boe·

167 2361 287 2426 stalleri
309 2362 421 2427 codice
444 2363 617 2427 exhibitam
641 2363 738 2427 esse?
774 2363 866 2444 Quae
896 2366 1081 2428 coniectura
1109 2384 1148 2428 eo
1171 2365 1278 2427 firma·

166 2474 228 2547 tur,
253 2465 342 2549 quod
360 2464 456 2528 talem
470 2476 593 2548 partem
607 2465 740 2530 alteram
757 2466 832 2528 olim
845 2468 1020 2550 exstitisse,
1039 2478 1104 2549 ant,
1124 2467 1152 2530 si
1166 2466 1277 2530 stricte

167 2565 363 2650 loquendum
386 2578 447 2650 est,
478 2568 518 2631 ab
542 2567 648 2633 lliadis
672 2568 802 2632 librario
824 2569 950 2634 Veneto
980 2583 1068 2635 certe
1091 2568 1276 2634 concinnari

166 2669 329 2748 debuisse,
353 2691 393 2734 ex
415 2673 496 2756 ipsis
519 2673 589 2736 eius
611 2671 744 2736 scholiis
765 2672 944 2738 luculenter
955 2673 1126 2758 colligitur.
1157 2670 1277 2736 Conl'er

166 2783 274 2839 notata
288 2773 329 2836 ad
340 2795 369 2853 α,
383 2774 463 2837 294:
487 2771 555 2856 περὶ
567 2771 600 2838 δὲ
610 2772 717 2857 ταύτης
727 2782 779 2858 τῆς
791 2771 986 2856 ἀναγνώσεως
997 2773 1195 2857 ἐντελέστερυυ
1208 2775 1276 2838 δυα-

165 2871 326 2959 ληψόρεθα
340 2873 369 2939 ἐν
380 2883 417 2961 τῇ
435 2898 453 2958 γ
469 2870 710 2961 τῆςὈδυσσείας
729 2871 797 2940 ὅταν
818 2877 887 2961 περὶ
905 2873 1146 2963 τῆςὈδυσσείας
1158 2883 1276 2959 γραφῆς

166 2973 362 3061 ἔπιζητῶμεν,
386 2978 475 3042 etad
497 3002 528 3061 μ,
551 2980 628 3042 157:
657 2978 819 3063 ῥηθήσεται
837 2979 870 3044 δὲ
891 2978 920 3044 ἐν
938 2986 975 3065 τῇ
998 2973 1276 3065 ρτῆςὊδυσσείας

165 3077 234 3164 περὶ
252 3087 306 3164 τῆς
321 3083 504 3166 προσῳδίας.
543 3081 668 3162 Quibus
680 3083 882 3163 potissimum
895 3082 976 3147 loeis
988 3103 1079 3163 usus,
1100 3092 1168 3143 tum
1181 3081 1276 3142 etiam

167 3183 368 3266 quorundam
387 3183 534 3249 locorum
560 3183 766 3248 similitudine
793 3184 944 3249 inductus
965 3184 1071 3248 Maius
1102 3182 1205 3246 Pracs.
1233 3182 1276 3247 ad

166 3283 284 3369 Odyss.
302 3306 399 3368 quum
416 3287 594 3367 statuisset,
613 3307 649 3350 ea
666 3287 736 3369 ipsa
750 3284 891 3369 Scholia,
910 3308 995 3372 qnae
1009 3286 1122 3352 codiee
1134 3285 1276 3350 Ambro-

165 3387 254 3450 siano
267 3388 517 3472 continerentur,
535 3389 576 3453 ab
592 3389 698 3453 Iliadis
711 3388 842 3453 hbrario
853 3388 979 3453 Veneto
996 3391 1174 3473 significata
1187 3407 1274 3470 esse,

165 3508 234 3552 eam
256 3491 448 3554 seutentiam
471 3502 536 3554 tam
558 3490 690 3554 infirmis
713 3491 889 3555 rationibus
923 3492 980 3553 niti
1011 3492 1152 3555 ostendit
1182 3490 1278 3553 Butt·,

164 3611 297 3656 mannus
321 3593 361 3654 ad
384 3590 514 3657 Scholia
538 3593 657 3678 Odyss.
679 3614 711 3676 p.
725 3592 792 3656 Vll.
815 3614 865 3677 sq.
889 3599 923 3656 ut
945 3593 1006 3656 hae
1028 3613 1071 3656 ex
1089 3602 1181 3675 parte
1198 3590 1274 3655 nihil

164 3705 251 3759 certe
273 3695 419 3778 prodeat,
443 3695 530 3780 qnod
553 3697 758 3760 coniecturae
780 3696 966 3778 propositae
982 3695 1113 3759 officiat.
1143 3693 1274 3758 Utcum-

164 3817 226 3880 que
249 3817 328 3861 vero
351 3797 391 3860 de
413 3799 521 3862 indole
543 3808 667 3862 statuas
690 3796 977 3861 Ambrosianorum
994 3797 1210 3879 Scholiorum,
1235 3816 1274 3861 ea

164 3911 313 3970 accurate
329 3901 510 3965 examinata
532 3902 652 3983 pariter
674 3910 770 3985 atque
786 3899 858 3982 alin,
882 3903 1083 3984 praesertim,
1102 3899 1272 3965 Harleiana

163 4003 467 4066 commentariorum
479 4004 674 4088 congeriem,
686 4013 719 4068 et
732 4012 920 4088 argumento
933 4014 966 4066 et
976 4004 1134 4067 tractandi
1146 4004 1271 4068 ratione

163 4101 296 4168 Venetis
318 4103 425 4170 lliadis
448 4106 580 4169 scholiis
604 4105 775 4169 admodum
798 4104 945 4185 similem,
968 4107 1152 4188 ostendunt,
1177 4125 1273 4190 qnam

141 4207 400 4272 ¹similitudinem
423 4207 477 4271 vix
509 4208 602 4272 aliter
630 4209 793 4291 explicare
826 4209 987 4294 potueris,
1022 4230 1118 4296 quam
1148 4209 1178 4273 si
1206 4227 1273 4274 me·
