2902 4822
732 438 811 517 tto

217 650 332 696 uorum
354 631 440 697 nulla
465 634 594 697 omnino
608 633 689 698 ratio
701 633 849 714 habetur,
873 631 959 696 unde
978 629 1124 716 colligas,
1147 650 1208 698 cos
1222 652 1329 720 gram

216 736 352 799 rnaticos
386 735 578 802 Homericos
611 757 630 801 a
664 735 906 819 comparatione
940 733 1139 819 Hymnorum
1178 738 1330 802 consulto

216 837 422 902 abstinuisse.
467 838 583 925 Neque
612 841 745 905 novisse
767 858 820 902 me
841 838 946 902 fateor
974 847 1120 902 veterum
1143 841 1329 927 criticorum

216 960 425 1024 quemquam,
469 944 525 1024 qui
557 944 806 1008 commentarios
843 943 875 1005 in
909 960 1009 1005 unum
1041 940 1243 1029 alterumque
1276 943 1329 1008 vel

216 1043 299 1109 adeo
321 1046 501 1110 universos
535 1045 681 1132 Hymnos
711 1046 883 1129 reliquisse
915 1044 1068 1108 tradatur.
1125 1044 1209 1111 Sero
1242 1048 1329 1112 enirn
1361 1032 1364 1036 ’

215 1149 346 1231 corpori
379 1146 552 1213 Homerico
582 1150 643 1213 ista
674 1148 827 1231 membra,
863 1156 899 1212 ut
930 1167 1013 1230 quae
1044 1157 1078 1211 et
1108 1149 1180 1232 ipsa
1209 1151 1240 1215 ei
1270 1170 1330 1234 per

216 1271 359 1315 errorem
380 1250 493 1315 adsuta
517 1262 637 1335 essent,
669 1251 794 1315 adiecta
816 1269 892 1313 esse
914 1250 1080 1334 videntur,
1114 1271 1213 1336 quum
1234 1273 1329 1337 praa*

215 1356 326 1420 sertim
350 1354 390 1417 de
413 1353 639 1418 nonnullorum
661 1354 861 1439 Hymnorum
884 1361 1027 1435 auctore,
1050 1375 1083 1419 v.
1105 1372 1134 1416 c.
1156 1355 1188 1417 in
1204 1354 1329 1439 Apolli·

214 1477 298 1538 nem,
322 1479 417 1542 quem
442 1456 517 1520 licet
538 1455 736 1542 Thucydidis
758 1457 811 1539 lll,
835 1457 899 1519 104
919 1457 1109 1520 auctoritate
1132 1457 1231 1521 valde
1253 1478 1329 1542 spc-

215 1562 306 1625 ciosa
341 1559 472 1622 Homeri
506 1561 626 1622 nomini
660 1561 873 1641 vindicatum,
902 1560 929 1637 ¹)
973 1569 1102 1623 constat
1123 1579 1140 1623 a
1163 1559 1328 1625 nonnullis

215 1661 373 1725 Cinaetho
397 1661 478 1725 Chio
500 1662 654 1725 tributum
677 1682 763 1744 esse,
786 1662 849 1724 iam
872 1661 1003 1744 antiquo
1033 1671 1180 1746 tempore
1202 1663 1328 1728 dubita·

213 1775 283 1829 tum
314 1775 420 1844 esset3
456 1762 508 1826 vel
539 1774 575 1827 ut
596 1775 747 1829 accurate
769 1764 958 1848 loquamur,
993 1783 1011 1827 a
1039 1784 1174 1830 munere
1201 1784 1326 1849 eornm,

215 1868 332 1952 quibus
355 1866 545 1930 Homericae
574 1886 715 1949 poeseos
738 1868 889 1951 reliquias
921 1867 1004 1931 binis
1034 1868 1226 1953 corporibus
1257 1869 1328 1934 llic·

212 1971 264 2036 dis
294 1983 327 2035 et
350 1970 518 2056 Odysseae
547 1969 712 2034 includere
741 1971 923 2035 mandatum
954 1980 1052 2054 esset,
1087 1992 1186 2057 quum
1209 1971 1327 2057 Hymni

213 2076 242 2139 si
265 2075 319 2159 qui
343 2093 383 2137 eo
405 2083 551 2157 tempore
574 2083 740 2138 exstarent
761 2073 885 2138 exclusi
907 2083 1028 2156 essent,
1052 2095 1151 2159 quum
1170 2074 1213 2138 ob
1231 2095 1327 2162 argn-

213 2178 311 2242 menti
334 2177 564 2258 diversitatem,
587 2184 655 2239 tum
678 2177 766 2261 quod
788 2178 911 2240 incerto
941 2179 1084 2242 auctoris
1113 2179 1243 2242 nomine
1265 2179 1327 2244 cir·

214 2281 477 2347 cumierebantur
509 2279 561 2343 vel
595 2279 672 2344 alias
707 2299 917 2364 quascunque
950 2278 993 2349 olr
1025 2300 1171 2364 caussas,
1205 2283 1326 2347 laotnnr

212 2397 274 2468 est,
298 2396 332 2449 ut
355 2385 529 2468 antiquitus
561 2403 602 2446 ne
624 2393 767 2447 exstaret
797 2384 926 2467 quidem
957 2384 1106 2449 collectio
1131 2404 1245 2450 eorum
1269 2385 1326 2451 ali·

210 2509 285 2573 qna,
309 2509 371 2572 qua
384 2487 584 2573 grammatici
595 2483 805 2549 Alexandrini
824 2497 985 2571 tamqnam
1003 2487 1211 2552 fundamento
1232 2489 1323 2574 hym·

210 2592 303 2654 nicae
332 2589 464 2652 Homeri
496 2607 638 2671 poeseos
661 2590 707 2651 uti
737 2591 935 2672 potuissent:
968 2590 1055 2654 unde
1085 2592 1323 2656 consectarium

210 2704 272 2776 est,
296 2701 330 2756 ut
352 2693 381 2756 si
403 2709 516 2754 eorum
538 2700 644 2754 tamen
667 2693 749 2755 ratio
773 2692 919 2758 habenda
934 2704 1033 2776 esset,
1057 2694 1323 2779 uniuscuiusque

210 2797 385 2861 auctoritas
416 2795 555 2859 seorsim
577 2795 786 2858 examinanda
817 2807 917 2879 esset,
953 2806 986 2860 et
1007 2796 1169 2861 vindicato
1192 2796 1322 2863 domum

209 2909 343 2964 auctore
359 2917 442 2982 opus
464 2899 496 2961 in
518 2897 690 2962 iactitanda
713 2899 789 2962 crisi
811 2897 982 2964 Homerica
999 2900 1031 2962 in
1045 2898 1196 2963 auxilium
1210 2898 1323 2964 vocari
1359 2919 1362 2924 ·

208 3010 332 3086 posset.
367 3001 461 3082 Quod
484 3003 517 3065 in
538 3002 742 3086 paucissimis
764 3003 883 3066 factum
906 3012 968 3084 est,
991 3004 1019 3066 si
1042 3001 1121 3086 quid
1138 2994 1322 3065 exsilentio

209 3102 464 3168 Scholiastarum
495 3102 691 3169 Venetorum
726 3105 875 3169 concludi
898 3104 983 3188 licet,
1018 3106 1103 3188 apud
1128 3122 1212 3188 quoa
1237 3123 1322 3188 qnae

209 3227 271 3272 una
301 3208 461 3289 reperitur
491 3209 611 3272 mentio
635 3207 675 3272 ad
699 3207 867 3292 Hymnum·
889 3209 922 3270 iu
950 3207 1147 3272 Mercurium
1181 3216 1320 3291 spectat,

209 3329 274 3394 quo
304 3308 487 3372 testimonio
518 3322 606 3374 certe
636 3312 700 3376 hoc
722 3311 902 3394 lucramur,
937 3323 971 3374 ut
1002 3312 1154 3396 hymnum
1183 3330 1258 3375 enm
1279 3311 1321 3376 ab

208 3412 436 3480 Alexandrinis
468 3431 527 3495 pro
561 3411 733 3481 Homerico
771 3413 915 3477 habitum
948 3434 1023 3478 esse
1057 3414 1247 3500 doceamur,
1288 3414 1322 3480 id

210 3517 297 3600 quod
319 3535 360 3580 ex
382 3516 453 3597 ipsa
476 3517 620 3603 ratione,
653 3538 716 3603 qua
738 3516 839 3580 verba
864 3518 975 3602 hymni
1005 3516 1180 3581 afferuntur
1205 3537 1321 3586 conse·

209 3623 326 3706 quitur.
360 3619 395 3683 ln
418 3619 665 3686 demonstranda
690 3622 773 3685 enim
796 3620 928 3684 Homeri
949 3621 1149 3704 proprietate
1166 3620 1321 3706 loquendi

209 3743 248 3788 ea
270 3733 404 3789 anctore
425 3742 491 3788 non
509 3727 673 3790 nominato
696 3726 785 3788 iuxta
813 3723 875 3788 alia
897 3725 1015 3809 verba,
1046 3744 1129 3808 quae
1157 3743 1200 3789 ex
1221 3724 1321 3791 lliade

212 3891 497 3906 ——Q

256 3972 441 4069 *1)Lepidum
464 3998 581 4054 effutivit
598 3993 779 4052 Reimnitzius
797 3995 908 4070 System
935 3996 985 4053 der
1007 3996 1119 4052 Grieclr.
1143 3996 1320 4053 Declination

311 4100 339 4155 p.
357 4087 387 4136 15
408 4092 598 4150 commentum,
621 4082 757 4156 Hymnum
771 4085 799 4137 in
814 4082 971 4153 Apollinem
990 4083 1208 4139 Ptolemaeorum
1228 4090 1320 4141 mute
1370 4148 1376 4154 Ι

312 4171 443 4242 scriptum
462 4187 526 4226 esse
542 4186 634 4242 posse,
660 4172 825 4241 exagitatum
843 4171 898 4225 ianr
915 4187 931 4223 ι
948 4167 1085 4224 Dirntzero
1111 4167 1154 4224 De
1178 4169 1319 4227 Muto

311 4273 338 4329 p.
355 4257 398 4309 to.
