2902 4822
655 437 733 513 ato

138 657 184 698 ται
202 631 278 697 κατὰ
296 626 432 716 'Avertit
454 639 570 715 χρῆσιν,
593 631 695 703 ἄλλοις
717 629 750 694 δὲ
772 631 903 694 καλεῖται
921 623 1006 709 δόρυ,
1020 620 1047 696 1ὅ
1065 619 1126 686 ἐστι
1141 616 1248 703 λόγχῃ

138 736 282 802 Isidorus
306 736 392 819 Orig.
423 734 496 798 tt:
529 734 671 818 »Sagitta
694 735 777 797 enim
809 732 934 795 Graece
964 725 1072 810 ὀβελὸς
1100 724 1244 787 dieitur«

138 840 173 903 ln
196 840 389 923 Fragmento
411 857 491 902 vero
524 837 543 901 l.
574 839 659 901 idem
696 836 840 922 virgulae
874 835 1002 898 nomine
1035 828 1180 908 alteram,
1215 838 1249 889 ut

139 944 288 1024 vidimus,
323 942 458 1027 liguram
480 942 619 1005 exhibet.
653 939 775 1004 Eadem
798 940 911 1023 figura,
936 948 969 999 ut
991 935 1137 999 adiiciam
1161 929 1249 1014 quod

139 1049 171 1109 in
193 1057 344 1130 promptu
367 1057 428 1127 est,
451 1047 588 1110 recurrit
609 1047 642 1106 in
664 1045 778 1108 codice
801 1040 1083 1106 Aristotelicorum
1112 1036 1249 1118 scripto·

139 1171 208 1214 rum
238 1149 464 1214 nonnullorum
497 1149 675 1230 Lipsiensi,
709 1167 794 1210 saec.
826 1142 899 1208 Xlll
928 1144 1117 1227 adsignato,
1152 1159 1247 1223 quem
1281 1186 1283 1189 -

138 1254 282 1319 excussit
306 1252 447 1316 Beckius
469 1251 596 1314 Prolus.
620 1250 709 1314 acad.
733 1250 773 1312 ad
804 1248 960 1312 solemnia
988 1246 1158 1309 doctorum
1179 1241 1248 1325 phi·

139 1356 305 1439 losophiae
322 1355 491 1420 indicenda
508 1375 535 1417 a.
554 1355 638 1417 1793
654 1355 785 1436 scripta,
809 1353 937 1416 diversa
950 1370 1056 1434 neque
1074 1347 1168 1430 plana
1180 1344 1249 1408 ubi·

139 1481 210 1544 que
224 1461 394 1541 potestatis
414 1460 548 1522 ratione.
583 1457 693 1541 ltaque
709 1457 817 1520 libello
833 1457 873 1519 de
890 1453 1101 1537 Xenophane,
1118 1449 1249 1513 Zenone

139 1575 172 1627 et
195 1562 334 1645 Gorgia,
367 1564 459 1626 cuius
483 1562 584 1625 solius
607 1560 749 1624 Bcckius
773 1562 916 1624 enotavit
939 1558 1143 1634 varietatem,
1166 1573 1195 1615 c.
1219 1552 1248 1613 2

139 1689 170 1749 p.
193 1667 267 1747 975,
290 1665 321 1727 8.
345 1665 376 1727 b.
398 1664 503 1729 Bekk.
527 1676 601 1747 post
625 1661 687 1729 ἐστί
709 1663 768 1748 [ita
786 1660 881 1746 Cod]
904 1663 1056 1752 inseritur
1080 1659 1149 1738 -ζ-,
1172 1675 1249 1721 con·

140 1770 212 1833 silio
236 1771 364 1832 minime
387 1768 497 1849 claro,
528 1769 590 1832 nisi
625 1769 709 1832 forte
744 1764 989 1852 hypodiastoles
1022 1765 1112 1826 vices
1135 1779 1249 1846 gerere

139 1874 288 1937 librarius
323 1872 472 1953 voluerit,
506 1882 539 1935 ut
568 1894 610 1936 nc
640 1874 712 1956 quis
746 1870 807 1936 ἐστὶ
837 1891 911 1935 curn
940 1866 1151 1952 sequentibus
1180 1865 1250 1927 iun·

139 1988 240 2063 geret.
285 1975 475 2039 Afferuntur
507 1978 592 2039 enim
624 1975 832 2058 Empedoclis
866 1994 983 2037 versus
1014 1972 1141 2054 integri,
1176 1988 1250 2032 cum
1366 1989 1368 1996 ·

139 2081 211 2144 aliis
233 2078 361 2143 duobus
389 2079 657 2161 praecedentibus
680 2079 799 2144 laudati
821 2099 839 2143 a
862 2077 1036 2141 Plutarcho
1059 2074 1100 2137 dc
1122 2071 1249 2155 placitis

139 2184 254 2267 philos.
278 2182 302 2264 l,
325 2183 387 2245 30:

294 2282 372 2349 ἀλλὰ
392 2283 479 2369 μόνον
502 2286 577 2370 μίξις
597 2311 630 2351 τε
652 2283 803 2360 arduas<
823 2309 856 2350 τε
877 2281 1016 2370 μιγέντων
1058 2292 1059 2295 ’

295 2386 367 2468 ἐστι’,
392 2388 478 2470 φύσις
501 2387 535 2452 δὲ
557 2391 673 2473 βροτοῖς
696 2386 870 2474 ὀνομάζεται
887 2385 1096 2473 ἀνθρώποισιν.

141 2492 236 2574 Quod
264 2513 364 2575 quum
386 2491 572 2556 Bekkcrum
595 2493 732 2577 lugeret,
764 2490 841 2557 ἐστὶν
870 2493 1030 2557 edendum
1053 2493 1083 2556 is
1114 2486 1249 2568 curavit,

141 2616 181 2658 ex
204 2595 364 2676 lipsiensi
393 2595 476 2659 libro
508 2599 786 2679 praestantissimo
809 2618 893 2662 nunc
916 2596 1155 2682 corrigendum,
1185 2609 1250 2655 non

141 2699 298 2761 immerito
331 2699 418 2781 quod
447 2719 511 2762 non
534 2700 719 2783 diligentem
741 2703 812 2765 eius
834 2703 866 2764 in
900 2699 1100 2764 recensendo
1124 2697 1250 2760 Aristo·

140 2801 203 2863 tele
226 2820 336 2863 curam
358 2802 548 2884 adhibuerit,
572 2823 714 2886 nupera
743 2803 887 2888 Bergkio
911 2803 1187 2868 Commentatione
1210 2798 1250 2862 de

140 2902 202 2967 hoc
217 2903 326 2966 libello
343 2904 509 2990 Marburgi
528 2906 612 2968 1843
628 2908 757 2992 vulgata
774 2908 839 2991 p.7
856 2909 1042 2990 castigatus
1074 2903 1169 2967 Haud
1182 2900 1251 2985 pla·

140 3008 230 3070 niore
252 3009 375 3071 ratione
398 3008 541 3071 eiusdem
565 3021 661 3074 notae
684 3010 819 3075 alterum
843 3010 1024 3092 exemplum
1040 3009 1125 3072 idem
1137 3005 1251 3070 Codex

140 3110 325 3193 suppeditat
346 3131 374 3174 c.
387 3113 418 3174 4.
436 3112 555 3196 pots,
573 3115 616 3176 22
636 3115 809 3178 exhibens:
832 3110 920 3197 μέσον
941 3112 975 3177 δὲ
996 3113 1073 3194 ἔχει,
1095 3130 1250 3193 σφαιροει-

141 3212 202 3295 δὲς,
226 3211 242 3278 ὃ
265 3213 315 3298 μὲν
340 3216 375 3296 ἦ
411 3213 447 3279 ἐκ
466 3223 519 3282 τοῦ
539 3214 632 3302 μέσου
655 3214 768 3302 ὁμοίως
788 3215 826 3283 τὰ
837 3219 961 3300 ἔσχατα,
972 3217 1096 3282 scilicet
1108 3215 1250 3294 omissis,

141 3339 223 3401 quae
245 3330 320 3400 post
348 3319 395 3385 ὄν·
410 3324 490 3394 (hoc
511 3342 627 3404 nempe
649 3331 725 3404 post
755 3320 941 3406 σφαιροειδὲς
970 3335 1056 3385 nunc
1086 3314 1249 3400 additum)

139 3423 335 3504 inseruntur,
366 3425 474 3488 verbis
496 3432 581 3490 τοῦτο
610 3421 667 3508 γάρ
691 3423 751 3488 ἐστι
772 3423 960 3510 σφαιροειδὲς
989 3421 1017 3504 ὅ,
1049 3421 1251 3506 nuncetiam

140 3524 181 3588 ab
203 3525 276 3588 ahis
298 3524 390 3591 libris
412 3529 631 3610 repudiantur.
669 3529 822 3592 Fortasse
844 3533 956 3592 notare
979 3528 1128 3590 librarius
1150 3522 1251 3587 voluit

140 3626 260 3711 aliquid
299 3628 351 3692 hic
385 3632 560 3696 desiderari
592 3631 646 3695 vel
678 3634 835 3695 omissum
878 3651 973 3695 ense:
1019 3632 1111 3696 cuius
1151 3627 1251 3692 moris

141 3732 286 3814 exempla
311 3733 425 3797 similia
448 3755 546 3816 supra
570 3742 597 3808 §-
623 3736 748 3813 liliam
780 3734 1013 3800 adnotavimus.
1058 3730 1164 3796 Etiam
1192 3730 1251 3795 im·

142 3833 279 3916 peditior
299 3835 482 3900 intellectus
504 3848 555 3900 est
576 3839 671 3902 tertio
694 3837 842 3921 exemplo
865 3838 1010 3904 eiusdem
1030 3857 1103 3920 pag.
1125 3834 1179 3900 lin.
1197 3836 1249 3917 29,
1330 3854 1336 3862 ·

139 3937 197 4007 uhi
226 3938 328 4001 fertur
358 3935 509 4021 ἀπόφασις
537 3934 558 4025 ᾖ
586 3963 619 4005 το
647 3944 683 4004 λε
706 3941 747 4022 -Ῐ-
785 3939 859 4023 χθὲν
890 3939 1001 4006 καὶτὸ
1030 3940 1070 4024 μὴ
1100 3943 1251 4006 κινεῖσθαι.
1291 3974 1293 3978 v

142 4039 295 4104 Eiusdem
317 4041 441 4120 formae
462 4043 601 4126 signum,
623 4043 677 4106 vel
699 4043 815 4108 lineola
833 4045 999 4126 paulisper
1015 4044 1143 4122 inflexa,
1166 4043 1252 4108 hunc

143 4141 211 4207 lere
240 4144 272 4204 in
301 4143 432 4207 modurn
463 4144 509 4228 ἦ,
542 4145 662 4208 librarii
694 4165 794 4229 saepe
823 4147 885 4211 sub
915 4149 1036 4212 calcem
1061 4149 1173 4232 scripti
1195 4168 1252 4230 ap·

140 4247 323 4330 pinxerunt,
346 4245 387 4310 ad
400 4247 595 4333 explendum
614 4269 730 4319 versus
748 4251 888 4338 spatium
906 4271 1055 4339 vacuum,
1075 4250 1132 4331 vel
1149 4249 1251 4320 senet
1326 4264 1329 4269 ’
