2902 4822
759 466 836 547 162

240 667 368 749 bantur,
390 685 452 731 nec
475 683 535 753 per
557 659 706 749 singulos
729 660 916 729 obelanturt
948 657 1093 748 aspecti<
1119 660 1203 726 enim
1230 660 1353 727 dulmen

240 768 391 852 dicitur,“
413 769 468 833 ubi
489 768 591 852 ligura
614 767 800 849 praeposita
823 768 965 853 pingitur
986 767 1102 836 vel÷
1126 814 1137 850 ,
1161 764 1280 861 vell„
1300 764 1355 831 vel

240 877 281 956 Χ.
314 870 453 937 Primam
476 870 561 937 sistit
582 867 706 946 Tabula
728 879 877 933 notarum
898 889 959 952 pro
981 873 1141 935 mensuris
1174 879 1207 934 et
1228 869 1356 954 ponde-

131 1029 133 1034 .
236 977 328 1043 ribus
358 997 399 1041 ex
432 974 505 1040 eod.
539 970 641 1056 Regio
661 970 801 1056 vulgata
831 992 849 1036 a
883 972 1069 1039 Montefalc.
1101 973 1271 1058 Palaeogr.
1294 970 1351 1037 Gr.

238 1103 270 1166 p.
304 1081 386 1164 3703
421 1078 554 1144 alteram
587 1072 770 1140 Presselius
801 1076 822 1139 l.
852 1075 872 1139 l.
906 1098 938 1159 p.
967 1077 1019 1141 53.
1074 1076 1200 1141 Isidoro
1233 1074 1350 1140 similia

112 1226 115 1230 ,
236 1184 380 1248 referens
410 1178 614 1271 Anecdotum
647 1176 831 1243 Parisiense
866 1202 897 1262 p.
931 1181 985 1262 87,
1016 1199 1152 1263 prorsus
1186 1180 1351 1243 diversam

235 1287 371 1373 liguram
393 1293 536 1368 praestat
552 1279 616 1373 Χ.
661 1278 720 1344 His
744 1281 883 1367 denique
905 1282 1032 1345 accedit
1053 1301 1092 1346 ea
1114 1281 1228 1366 forma,
1251 1301 1349 1368 quam
1412 1293 1415 1299 ’

234 1410 276 1456 ex
298 1392 370 1456 cod.
401 1389 548 1453 Romano
580 1384 832 1469 descripsimus,
865 1386 1002 1452 litteram
1029 1389 1184 1473 'graecam
1216 1388 1248 1456 Τ
1280 1387 1351 1451 lere

232 1494 431 1559 reddentem.

739 1651 763 1724 S.
793 1648 845 1712 50.

671 1774 727 1829 De
756 1787 901 1832 cerasa.

316 1903 352 1968 ln
373 1904 547 1971 Anecdoto
560 1903 699 1986 Veneto,
724 1904 821 1988 quod,
845 1915 881 1968 ut
904 1903 980 1986 dixi,
1004 1905 1190 1968 ceraunium
1206 1907 1346 1991 ignorat,

228 2007 261 2070 in
273 2006 454 2072 Homericis
478 2011 563 2073 notis
585 2007 724 2072 refertur
746 2007 862 2091 κεραία,
885 2006 1039 2072 subiectis
1062 2007 1223 2072 nonnullis
1245 2007 1348 2093 siglo·

230 2130 302 2175 rum
325 2111 504 2195 elementis,
528 2129 665 2196 quorum
688 2111 859 2193 scriptura,
889 2121 925 2173 ut
948 2110 1110 2192 adnotavi,
1138 2113 1261 2175 incerta
1282 2122 1346 2186 cst,

231 2225 267 2277 ut
289 2225 323 2278 et
345 2215 417 2298 ipsa
436 2213 537 2298 figura
556 2213 690 2296 κεραίας,
714 2214 850 2297 eiusque
866 2233 993 2297 munus,
1016 2235 1114 2298 quum
1135 2236 1176 2279 ne
1194 2234 1260 2279 unc
1277 2215 1347 2300 qui-

231 2317 303 2380 dem
326 2316 428 2380 verbo
454 2317 644 2401 explicetur,
667 2318 882 2400 perincertum
905 2328 965 2383 est.
1010 2317 1092 2383 Nam
1113 2318 1231 2404 κεραία,
1254 2328 1298 2393 nt=
1312 2319 1346 2382 in

227 2424 301 2506 ipso
331 2423 423 2485 vocis
453 2422 581 2484 nomine
615 2421 843 2502 consistamus,
877 2421 906 2482 ri
938 2420 1034 2484 ducta
1057 2422 1164 2506 putari
1186 2431 1342 2504 possets

229 2525 421 2609 cognomine
443 2525 573 2586 nautico
588 2524 816 2605 instrumento,
841 2522 882 2586 de
896 2543 961 2606 quo
975 2545 1006 2587 v.
1021 2524 1178 2590 Boeclvbii
1192 2523 1342 2590 Attiscbe

228 2625 307 2691 Urk.
329 2626 389 2690 des
411 2624 608 2689 Seewesens
631 2646 662 2707 p.
688 2626 769 2707 129,
804 2626 875 2689 sive
897 2646 915 2689 a
938 2628 1147 2693 similitudine
1168 2637 1340 2710 antennae,

228 2731 321 2796 cuius
343 2748 408 2792 non
430 2749 493 2792 una
516 2739 623 2792 exstat
644 2730 750 2812 imago
773 2730 804 2791 in
827 2731 905 2792 artis
929 2734 1143 2796 monumentis
1173 2730 1340 2796 navimtas
1388 2788 1393 2795 .

228 2832 465 2913 exhibentibus,
496 2830 600 2894 lineae
622 2831 842 2914 horizontalis,
875 2832 928 2897 vel
955 2833 1050 2898 huius
1081 2833 1341 2918 perpendiculari

226 2937 396 3019 impositae
418 2935 560 3017 speciem
583 2933 781 3016 ostenderet,
805 2935 931 3019 qualem
952 2956 984 3001 v.
1007 2956 1035 2999 c.
1063 2937 1115 3000 his
1137 2934 1341 3021 consignavit

228 3039 395 3104 Ausonius
414 3036 504 3122 ldyll.
527 3036 567 3101 de
588 3037 703 3100 litteris
727 3057 776 3100 vs.
800 3038 862 3101 18:

332 3141 448 3209 Malus
468 3148 506 3204 nt
526 3147 701 3204 antennam
717 3140 788 3222 sert
807 3144 934 3221 uertice,
956 3145 1002 3206 sic
1023 3163 1084 3231 epo
1107 3162 1177 3206 sum
1193 3156 1235 3224 Τ.

226 3246 272 3312 At
293 3263 334 3310 ex
355 3246 428 3326 ipso
450 3242 542 3304 vocis
564 3251 672 3324 etymo
701 3245 887 3308 necessario
915 3246 1091 3310 concludas
1113 3247 1215 3309 forma
1236 3244 1339 3311 fuisse

227 3347 324 3432 paulo
347 3356 492 3426 curvata,
516 3345 604 3428 quod
626 3356 658 3408 et
680 3366 761 3410 usus
785 3346 938 3430 loquendi
955 3350 1072 3414 ceteris
1084 3348 1234 3413 omnibus
1245 3348 1338 3430 locis,

228 3449 347 3536 quibus
368 3449 467 3513 variis
489 3448 531 3511 de
554 3449 652 3512 rebus
674 3462 859 3532 usurpatur,
892 3452 1094 3534 comprobat,
1128 3471 1159 3515 v.
1182 3472 1211 3517 c.
1239 3470 1337 3537 quum

225 3553 419 3618 Plutarchus
442 3551 577 3615 formam
599 3552 785 3617 anciliorum
808 3554 859 3617 bis
873 3555 1037 3638 describit,
1061 3555 1124 3622 Vit.
1144 3553 1269 3619 Numae
1282 3552 1341 3619 lde

231 3656 339 3731 κύκλος
360 3651 418 3738 γὰρ
441 3651 497 3718 οὐκ
519 3650 606 3735 ἐστίν,
629 3648 698 3719 οὐδ”
715 3651 908 3738 ἀποδίδωσιν,
939 3657 984 3734 ὡς
1005 3656 1109 3742 πέλτη,
1136 3657 1188 3742 τὴν
1209 3653 1342 3742 περιφί-

229 3780 327 3844 ρειαν,
341 3751 407 3822 ἀλλ’
431 3754 555 3840 ἐκτομὴν
578 3757 643 3839 ἔχει
663 3766 800 3843 γραμμῆς
815 3761 1005 3843 ἐλικοειδοῦς,
1027 3758 1065 3845 ἧς
1080 3762 1111 3828 αἱ
1122 3768 1240 3846 κεραῖαι
1257 3783 1342 3846 παρ-ι

227 3859 288 3937 ab<
315 3861 442 3943 ἔχουσαι
470 3856 521 3924 καὶ
550 3859 810 3942 συνεπιοτέρουσαι
841 3871 878 3950 τῇ
908 3864 1064 3949 πυκνότητι
1094 3864 1173 3950 πρὸς
1204 3861 1339 3950 ἀλλήλας

228 3961 355 4047 ἀγκύλον
377 3959 411 4025 τὸ
435 3969 538 4048 σχῆμα
559 3970 697 4027 ποιοῦσιν.
741 3964 824 4030 Sunt
845 3969 944 4053 igitur
965 3988 1122 4033 recurvae
1148 3979 1261 4052 partes
1282 3986 1338 4033 ex·

223 4078 363 4132 tramae:
387 4066 439 4129 cui
461 4067 686 4151 significationi
709 4071 870 4153 convenit,
894 4071 981 4155 quod
999 4092 1065 4136 vox
1083 4072 1337 4154 adscripturum

226 4168 378 4235 translata
400 4169 510 4252 apices
533 4168 708 4236 litterarum
736 4171 895 4258 designat.
939 4171 1031 4238 Unde
1052 4175 1121 4239 iere
1150 4184 1240 4258 patet
1261 4192 1337 4240 ense

226 4274 345 4343 lineam
367 4281 542 4354 curvatam,
565 4271 651 4338 bunc
672 4274 795 4339 sercin
817 4276 948 4341 modum
971 4306 1020 4360 u,
1042 4276 1132 4362 quod
1151 4278 1197 4343 ita
1216 4274 1339 4345 bebere
