2902 4822
649 455 727 535 243

137 648 248 732 ltaque
271 646 379 712 missis
401 647 463 729 bis,
489 666 571 732 quae
594 658 684 712 certo
707 648 783 713 sciri
797 648 893 715 bodie
910 648 996 716 baud
1014 654 1150 738 amplius
1168 677 1244 743 pos·

138 762 223 832 sunt,
246 760 396 834 superest
417 771 501 816 unus
524 751 664 834 Probus,
688 753 758 816 sine
781 751 848 816 ulla
871 754 1067 822 dubitatione
1089 757 1246 847 Beryten-

139 857 184 920 sis
206 855 260 918 ille
283 853 443 938 Valeriae,
479 857 533 941 qui
557 876 621 941 quo
650 857 770 920 ceteris
799 854 861 921 illis
891 863 1108 945 grammaticis
1135 886 1248 933 recen·

138 962 201 1023 tior
222 969 282 1044 est,
307 961 402 1025 etiam
424 961 519 1026 nobis
541 962 648 1025 notior
670 981 744 1025 esse
768 959 882 1025 debet:
907 963 947 1028 de
970 986 1036 1050 quo
1059 989 1091 1034 v.
1112 968 1203 1059 §.sp
1242 1054 1245 1059 .

224 1063 395 1129 Postremo
426 1065 466 1130 de
495 1066 596 1152 signis
629 1067 709 1150 ipsis
739 1066 870 1150 criticis,
903 1062 1020 1153 quibus
1050 1079 1250 1157 grammatici

138 1169 241 1233 Latini
274 1170 325 1233 usi
359 1189 434 1234 esse
464 1170 497 1234 in
519 1170 689 1234 Anecdoto
719 1167 824 1233 Paris.
848 1170 1007 1261 dicuntur,
1031 1182 1249 1263 quaerendum

139 1283 199 1340 est.
234 1273 302 1355 Qua
326 1274 358 1336 in
380 1295 416 1338 re
439 1295 556 1339 vereor
578 1268 615 1338 ui
634 1284 748 1338 auctor
770 1275 843 1359 eius
863 1295 900 1339 se
922 1277 1093 1347 admodum
1117 1262 1251 1375 diligen}

138 1388 203 1442 tem
225 1379 439 1462 praestiterit:
462 1379 591 1443 videtur
613 1379 698 1442 enim
720 1377 923 1444 saeculorum
953 1383 1156 1451 diversorum
1175 1406 1253 1461 con}

140 1483 330 1547 suetudines
360 1486 402 1547 ita
434 1484 641 1566 confudisse,
676 1490 711 1545 ut
741 1503 823 1566 quae
851 1484 954 1568 ipsius
985 1499 1091 1554 aetate
1113 1494 1251 1560 maxime

140 1607 201 1652 usu
223 1599 352 1672 recepta
377 1599 487 1652 essent
509 1590 612 1674 signa,
637 1607 674 1650 ea
698 1586 792 1650 etiam
815 1588 958 1670 priorum
984 1603 1124 1661 aetatum
1146 1619 1253 1683 gram·

139 1695 262 1758 matteis
293 1695 482 1778 assignaret,
517 1693 550 1756 id
580 1691 667 1777 quod
695 1712 756 1777 age
778 1692 841 1755 iam
871 1695 1087 1765 ostendamus.
1132 1699 1251 1768 Verbi·

140 1800 220 1880 istis,
242 1818 324 1883 quae
344 1819 441 1881 supra
457 1797 699 1882 exscripsimus,
717 1796 779 1861 [ᾖε
792 1795 870 1861 solis
886 1797 1146 1870 adnotationibus
1158 1827 1251 1891 prae·

139 1901 248 1988 figitur
266 1913 414 1966 notarum
428 1923 536 1967 earum
549 1901 709 1966 indiculus
725 1900 889 1986 praevius,
913 1924 1046 1988 quarum
1068 1918 1148 1975 usus
1164 1911 1253 1977 dein·

141 2027 218 2091 ceps
232 2007 356 2070 ratione
369 2008 463 2072 unius
476 2009 632 2092 cuiusque
648 2005 757 2070 babita
769 2005 958 2093 explicatur,
981 2010 1044 2075 boc
1060 2013 1155 2078 modo
1175 2035 1252 2080 con·

141 2122 274 2195 ceptus:
307 2143 384 2171 η-
406 2110 531 2176 obelus.
568 2112 608 2192 >’<
631 2111 819 2207 asteriscus
855 2111 942 2191 {4-
972 2116 1148 2181 asteriscus
1179 2138 1253 2184 cum

142 2217 246 2281 obelo.
271 2214 609 2301 ”simplexductus
633 2213 775 2298 >diple
798 2217 1105 2303 >periestigmene.
1137 2227 1255 2306 janti-

141 2325 253 2406 sigma.
287 2321 323 2401 ζ’)
348 2321 517 2406 antisigma
552 2328 782 2404 compuncto.
813 2302 997 2387 ieoronis.
1030 2333 1116 2398 7-
1140 2324 1253 2411 [immo

142 2424 246 2511 >-]
266 2424 351 2509 diple
374 2423 580 2495 obelismene.
604 2427 634 2508 i<
657 2424 843 2489 ceraunion.
865 2424 907 2503 ὲ
926 2426 1254 2517 οὴθίιιεέαᾱριιηοωε.

139 2543 219 2605 -<
250 2528 364 2595 obelus
392 2549 466 2594 cum
495 2549 612 2597 auersa
640 2525 725 2613 [soil.
757 2527 870 2616 dipla].
908 2534 927 2605 Ξ
962 2530 1049 2621 diple
1076 2536 1254 2620 superabo·

139 2636 212 2703 lata,
237 2641 326 2709 m
343 2642 432 2705 recta
458 2644 491 2698 et
520 2653 636 2703 auersa
666 2652 807 2717 superne
838 2635 974 2702 obelata.
1003 2634 1055 2732 >k
1073 2638 1127 2725 pbi
1142 2650 1182 2705 et
1203 2660 1252 2723 ro?

149 2743 182 2831 ὤ
211 2741 232 2805 fi
251 2751 282 2805 et
301 2760 349 2805 ro.
368 2731 543 2826 laoobora
567 2734 919 2831 superior.lanohora
941 2741 1081 2813 inferior.
1098 2744 1250 2836 alogpss

138 2844 174 2909 ln
194 2846 245 2911 bis
267 2845 369 2931 signis
390 2847 517 2919 utiam
537 2850 665 2910 constat
686 2843 778 2927 plura
797 2846 990 2928 enumerari,
1013 2837 1096 2930 quae
1111 2850 1252 2933 ,proprio

67 2989 71 2993 -
139 2950 411 3016 Aristarchiorum
428 2950 562 3017 nomine
582 2948 774 3032 appellanda
796 2950 871 3032 sint,
889 2950 938 3013 ita
958 2950 1045 3014 haud
1064 2934 1167 3018 minus
1184 2973 1253 3033 ma.-

138 3055 291 3119 nifestum
320 3055 416 3119 etiarn
444 3054 595 3138 reperiri,
625 3073 710 3138 quae
731 3053 834 3118 multo
856 3053 1037 3147 recentiore
1061 3065 1167 3129 aetate
1189 3077 1253 3131 usu

138 3169 270 3243 recepta
288 3160 365 3242 sint,
384 3157 483 3223 veluti
499 3157 585 3241 diple
602 3158 842 3242 superobelata,
862 3159 1005 3223 anchora
1021 3170 1167 3247 utraque,
1177 3159 1253 3245 ¹glo,-

140 3284 212 3349 gns,
236 3274 304 3328 tum
327 3263 418 3349 signa
439 3261 494 3327 illa
517 3261 652 3339 duarum
675 3283 717 3329 ex
739 3263 916 3328 litterarum
938 3263 987 3327 XP
1010 3272 1043 3327 et
1065 3265 1114 3328 ΦΡ
1135 3265 1251 3357 ligpris

138 3368 331 3452 composita,
355 3386 492 3453 quorum
515 3366 638 3431 nullum
668 3368 840 3452 antiquitas
862 3366 917 3431 illa
938 3369 1038 3445 novit,
1060 3369 1154 3433 cuius
1176 3376 1253 3451 sript

138 3473 239 3556 quiin
260 3471 431 3547 Anecdoto
443 3469 545 3535 Paris.
563 3481 783 3535 memorantur
793 3471 1003 3556 grammatici.
1036 3470 1144 3557 Atque
1161 3468 1250 3555 quod

136 3577 249 3642 attinet
271 3576 314 3641 ad
336 3575 476 3658 obelum,
499 3575 554 3660 qui
575 3575 756 3658 adpunctus
780 3574 906 3658 dicitur,
930 3594 968 3638 ea
989 3583 1065 3639 nota
1081 3575 1152 3639 sive
1168 3572 1250 3663 ligu-

135 3701 204 3743 ram
224 3681 294 3744 sive
310 3680 388 3763 vim,
412 3699 496 3765 quae
517 3679 599 3747 inira
613 3690 805 3763 exponetur,
828 3687 971 3764 spectes,
993 3697 1067 3745 cum
1080 3677 1248 3763 lemnisco,

138 3805 233 3867 quem
256 3785 297 3848 ab
322 3783 463 3870 Origene
487 3784 616 3849 demum
638 3792 829 3866 usurpatum
859 3783 1019 3864 novimuS,
1047 3779 1143 3867 plane
1172 3800 1251 3865 oop-
1292 3855 1294 3859 Α

137 3888 233 3951 venit.
267 3886 349 3953 Tum
371 3888 469 3953 etiam
490 3886 554 3952 hoc
576 3887 854 3953 considerandum.
887 3884 1001 3950 Utrum
1018 3884 1167 3950 omnibus
1178 3884 1251 3951 istis

137 3990 330 4054 enumeratis
352 3991 466 4076 signis,
500 4010 541 4054 an
575 3990 711 4077 singulis
734 3988 924 4075 quibusdam
947 3989 1053 4073 quiin
1077 3987 1250 4059 Anecdoto

136 4092 340 4159 nominantur
358 4094 567 4159 adnotatores
584 4093 635 4159 usi
650 4094 724 4176 sint,
740 4112 807 4156 non
818 4090 1045 4176 perscribitur;
1067 4091 1147 4158 illud
1158 4110 1250 4179 vero,

136 4218 234 4281 quum
258 4197 291 4261 in
313 4208 479 4282 comperto
503 4198 691 4282 habeamus,
715 4196 930 4281 complurium
948 4218 1043 4263 usum
1059 4198 1100 4291 ab
1119 4199 1159 4263 iis
1176 4196 1252 4285 alie·
1314 4262 1317 4269 .

136 4324 212 4370 num
234 4304 349 4388 fuisse,
368 4305 424 4372 vix
446 4305 611 4371 credibile.
655 4302 692 4370 Si
713 4304 812 4392 igitur
832 4303 866 4369 in
888 4312 957 4370 toto
979 4303 1044 4369 hoc
1066 4300 1249 4368 testimonio

805 4465 825 4518 ο
976 4407 1045 4471 ld*
