2902 4822
754 424 806 499 20

227 620 456 686 Aristarchiam
487 615 609 680 exactis
641 613 745 678 lliadis
782 616 902 697 pariter
934 625 1031 700 atque
1059 617 1227 702 Odysseae
1261 638 1337 702 pro·

226 727 349 790 miscue
388 723 508 806 agitur,
550 719 700 802 praesidii
739 718 882 783 nonnihil
918 721 1131 802 nanciscitur,
1176 722 1336 805 siquidem

228 849 310 915 quae
333 827 374 890 dc
396 835 527 889 auctore
549 825 619 886 eius
642 823 811 906 fragmenti
834 820 905 903 §.6
928 823 1113 905 suspicatus
1141 845 1224 907 sum,
1255 845 1337 909 pro-

227 933 345 1001 babilia
367 931 545 993 videantur.

316 1032 485 1098 Corollarii
506 1030 581 1095 loco
613 1029 774 1114 subiungo
802 1050 972 1094 recensum
996 1049 1108 1093 eorum
1126 1029 1273 1095 locorum
1295 1032 1336 1097 ad

228 1137 449 1204 Aristonicum
480 1135 706 1218 spectantium,
739 1135 792 1216 qui
820 1132 946 1197 Lehrsii
974 1134 1061 1198 curis
1094 1154 1125 1216 p.
1149 1135 1170 1198 3
1192 1156 1241 1220 sq.
1261 1135 1338 1200 addi

228 1253 375 1328 possunt.

297 1347 454 1413 'Suidast
488 1340 691 1417 Ἀκοστώσαις
711 1339 856 1427 ἡμιόνοις·
884 1336 919 1406 δι’
943 1339 1045 1427 ἀργίαν
1074 1339 1124 1407 καὶ
1151 1345 1345 1431 πλησμονήν·Ι

229 1454 257 1520 ci
278 1452 328 1537 μἐν
351 1446 582 1534 γλωσσογράφοι
603 1442 791 1530 κριθιιόσαις·
814 1443 944 1519 ἀκοστὰς
965 1443 1021 1529 γάρ
1044 1442 1136 1528 λέγειν
1151 1444 1205 1520 τὰς
1220 1445 1338 1533 κριθάς,

231 1554 292 1620 ἀπὸ
315 1561 366 1620 τοῦ
389 1553 463 1625 ἄκος
492 1547 658 1634 λαμβάνειν,
683 1546 825 1614 τουτέστιν
857 1546 1018 1614 ἀνάπαυσιν
1048 1553 1133 1634 λιμοῦ
1156 1549 1206 1617 καὶ
1228 1553 1338 1640 δίψης·

230 1657 247 1722 ὁ
271 1655 305 1721 δὲ
324 1650 526 1740 Ἀριστόνικος
548 1651 577 1716 ὲν
600 1652 667 1734 άχει
689 1643 869 1736 γενομέναις·
894 1651 953 1736 ε’ίγε
975 1651 1121 1738 ἐπιφέρει·

367 1748 369 1752 ’
429 1755 536 1839 δεσμόν
552 1750 724 1840 ἀπορρήξας
742 1756 808 1840 seq
824 1754 936 1821 πεδίοιο
952 1757 1113 1840 κροαίνων·

230 1863 305 1937 τινὲς
323 1861 358 1927 δὲ
373 1861 447 1944 ἅδην
466 1851 647 1944 πλήρωθείς.
669 1858 872 1924 Peridoneus
888 1861 940 1924 hic
953 1859 1046 1924 locus
1059 1881 1157 1944 quum
1172 1862 1211 1926 ad
1228 1866 1341 1948 copias

230 1965 406 2031 Aristonici
420 1963 596 2047 augendas,
624 1951 692 2025 tum
711 1961 753 2025 ad
765 1960 896 2027 Scholia
910 1962 1017 2026 Iliadis
1040 1974 1130 2030 recte
1142 1967 1341 2033 aestimanda

232 2081 263 2135 et
278 2068 517 2154 pernoscenda:
546 2066 605 2130 scd
625 2077 661 2129 ut
683 2087 769 2130 nunc
787 2066 948 2151 vulgatur,
972 2069 1089 2132 misere
1109 2062 1247 2156 habitus,
1270 2074 1342 2139 sive

232 2171 462 2255 compilatoris,
482 2171 552 2234 sive
570 2168 773 2232 librariorum
795 2171 898 2254 culpa.
919 2169 1019 2235 Cuius
1043 2173 1211 2256 scriptoris
1233 2174 1335 2239 verba

232 2272 418 2347 ἀκοστιόσαις
438 2268 568 2357 ἡμιόνοις
589 2274 663 2353 siut,
684 2292 822 2357 quorum
838 2275 940 2357 gratia
952 2282 1018 2337 tota
1029 2274 1140 2357 glossa
1157 2277 1341 2360 conscripta

233 2387 294 2460 est,
310 2378 513 2461 ignoramus:
538 2386 660 2438 certum
673 2394 751 2438 vero
766 2384 827 2457 est,
850 2395 933 2458 quae
945 2395 963 2439 a
976 2375 1085 2440 verbis
1105 2370 1342 2461 ὁδὲἈριστόνι-

232 2503 285 2554 κος
300 2501 405 2564 usquc
420 2480 461 2543 ad
480 2481 575 2542 finem
592 2489 806 2562 apponuntur,
829 2499 868 2541 ea
885 2480 931 2542 rei
949 2479 1192 2544 accommodata
1203 2482 1285 2546 male
1300 2483 1343 2548 ad

231 2587 347 2649 lemma
358 2583 437 2646 illud
447 2593 549 2646 tracta
561 2581 647 2663 esse,
667 2582 925 2666 quandoquidem
944 2603 982 2646 ea
994 2593 1142 2666 spectare
1160 2583 1201 2649 ad
1212 2585 1301 2650 lliad.
1314 2589 1342 2670 ζ,

232 2675 297 2753 506
316 2687 457 2754 ostendit
475 2706 591 2751 versus
612 2686 728 2751 allatus
750 2685 857 2770 δεσμὸν
878 2679 1059 2771 ἆποῤῥήξας,
1082 2691 1137 2772 qui
1155 2699 1206 2754 est
1224 2692 1257 2756 in
1275 2691 1343 2758 Ηο-

233 2811 322 2855 mero
335 2791 538 2875 subsequens
547 2788 592 2852 illi
604 2790 644 2868 ⁴).
673 2789 782 2874 Atque
798 2790 1019 2856 Aristonicum
1038 2794 1072 2856 in
1091 2792 1147 2857 illo
1167 2792 1342 2862 Homerico

232 2914 332 2958 versu
345 2892 535 2956 illustrando
546 2902 710 2956 versatum
722 2910 807 2974 esse,
820 2911 859 2954 ex
871 2911 911 2955 eo
924 2892 1095 2977 colligitur,
1109 2895 1195 2978 quod
1210 2915 1251 2959 ex
1270 2918 1344 2963 ver-

233 3017 291 3060 sus
306 2998 437 3060 alterius
460 2980 585 3059 ratione
601 2995 692 3060 vocis
712 2991 881 3079 ἀκοστήσας
898 2995 953 3059 illo
968 3017 1068 3061 versu
1085 3007 1233 3081 repertae
1244 3001 1344 3084 signi-

233 3100 414 3163 ficationem
427 3098 624 3161 constituere
641 3098 764 3161 studet:
787 3098 868 3163 haec
888 3101 971 3162 enim
983 3120 1074 3166 mens
1093 3101 1266 3165 verborum
1284 3100 1345 3184 εἴγε

235 3201 393 3288 ἐπιφέρει.Ι
419 3202 510 3284 Quae
540 3202 679 3284 denique
701 3203 923 3287 subiiciuntur,
952 3203 1026 3279 τινὲς
1055 3203 1089 3269 δὲ
1111 3205 1185 3289 ἄδήν
1214 3208 1344 3291 πλήρω-

234 3306 308 3384 teu,
331 3325 370 3368 ea
392 3306 487 3368 unice
509 3304 551 3367 ad
581 3301 750 3389 ἀκοστήσας
781 3305 1006 3388 exph0audum
1033 3308 1203 3400 pertinent.
1253 3306 1345 3373 llaec

234 3407 398 3472 sufficiunt
420 3406 462 3471 ad
484 3405 778 3490 demonstrandum,
801 3408 913 3474 haberi
934 3409 987 3472 hic
1002 3410 1178 3479 Aristonici
1200 3410 1345 3495 glossam

234 3510 450 3593 Homericam,
485 3511 754 3595 quemadmodum
777 3510 818 3575 ad
840 3511 978 3576 eundem
999 3511 1107 3577 locum
1124 3511 1232 3578 lliadis
1251 3513 1345 3578 etiam

229 3861 232 3868 Ι
269 3789 316 3860 A)
335 3789 430 3849 Schol.
447 3790 482 3844 A.
505 3789 539 3843 ad
557 3789 630 3843 hunc
647 3790 751 3844 locum:
769 3791 796 3843 τὸ
812 3790 929 3864 κροαίνων
946 3789 989 3844 οόκ
1006 3791 1067 3844 ἔστιν
1083 3788 1216 3862 ἐπιθυμῶν,
1234 3789 1269 3849 ὼς
1283 3785 1346 3865 'Ap-

338 3876 437 3951 χὶλοχος
455 3873 577 3944 ἐξέλαβεν,
595 3871 647 3929 ἀλλ’
665 3874 794 3950 ἐπικροτῶν
817 3884 867 3936 τοῖς
882 3876 937 3930 ποσὶ
954 3876 994 3930 διὰ
1014 3884 1057 3930 τοῦ
1078 3876 1177 3931 πεδίου·
1196 3874 1219 3930 σί
1235 3875 1348 3953 νεώτεροι

338 3961 463 4034 ἐπιθυμεῖν
482 3960 515 4015 ’τό
537 3959 661 4036 spectes,
679 3959 712 4020 ὡς
730 3957 883 4035 Ἀρχίλοχος.
918 3962 1071 4018 Aristarchi
1094 3978 1193 4017 nomen
1217 3978 1267 4034 pro
1293 3961 1347 4015 Ar·
1445 4005 1447 4012 ι

339 4048 458 4103 chilochi
481 4049 637 4102 restituenti
654 4049 718 4101 olim
736 4047 874 4102 Meinehio
900 4055 977 4104 recte
994 4048 1137 4103 Nauclrius
1156 4065 1245 4120 nuper
1271 4048 1347 4103 ohlo·

340 4141 419 4187 cutus
437 4141 480 4186 est
506 4133 647 4204 Aristoph.
671 4133 738 4204 Byz.
765 4150 790 4204 p.
810 4136 869 4187 tal.
905 4135 975 4188 lllud
998 4136 1071 4189 enim
1093 4134 1206 4205 ίξίλαβιν
1223 4135 1283 4208 pari
1300 4150 1347 4189 ra·

340 4223 412 4275 tione
432 4219 536 4276 dictum
554 4237 587 4274 ac
606 4220 705 4283 ἐδέξατο
724 4222 758 4276 de
776 4220 954 4289 Archilocho,
971 4223 995 4291 λ,
1012 4224 1073 4276 786.
