2902 4822
734 414 811 489 216
909 413 914 423 ’

370 607 457 673 Flori
479 605 627 691 Epistula
649 605 690 672 ad
712 602 914 690 Hyldradum
944 605 1094 670 abbatem
1121 602 1163 666 de
1185 600 1332 684 psalterii

389 713 623 795 emendatione,
648 711 734 795 apud
755 710 876 772 Maium
902 730 936 792 p.
959 709 1033 772 252.

306 813 388 879 ..Dru
411 827 461 880 est
484 815 572 899 quod
595 815 771 898 paternitas
794 822 903 876 vestra
925 813 1094 878 humilitati
1116 831 1208 876 meae
1226 812 1331 875 iniun-

216 940 295 1006 gere
329 918 449 1000 voluit,
488 928 523 980 ut
551 917 741 1000 psalterium
771 917 864 981 vobis
891 919 979 980 iuxta
1009 915 1154 1002 regulam
1184 915 1331 979 veritatis

217 1025 430 1109 corrigerem:
462 1020 550 1104 quod
573 1040 636 1106 ego
659 1021 768 1084 studui
795 1039 854 1102 pro
878 1020 1000 1084 viribus
1031 1018 1218 1102 adimplere.
1262 1015 1332 1081 seu

215 1127 376 1191 veraciter
403 1123 566 1187 dilectioni
594 1136 725 1189 vestrae
746 1126 868 1208 fateor,
903 1124 999 1188 valde
1030 1124 1109 1187 mihi
1138 1121 1276 1186 molesta
1298 1130 1332 1184 et

216 1230 326 1317 gravis
360 1228 464 1291 extitit
485 1226 658 1291 multorum
681 1229 830 1293 codicum
853 1226 1008 1311 perplexa
1036 1247 1075 1292 ac
1096 1225 1260 1290 mendosa*
1275 1244 1332 1288 va·

216 1335 328 1415 rietas,
352 1351 435 1415 quae
458 1330 695 1396 dormitantium
717 1332 920 1396 librariorum
944 1341 1058 1393 exorta
1086 1330 1178 1410 vitio,
1201 1329 1331 1412 imperi·

216 1447 325 1501 torum
347 1434 466 1498 cotidie
488 1434 616 1518 ignavia
638 1435 734 1499 alitur
755 1456 794 1499 ae
816 1445 1021 1518 propagatur.
1055 1431 1271 1518 Ego-itaque,
1296 1441 1332 1496 ut

217 1540 394 1611 iniunctum
418 1538 584 1622 negotium
607 1536 790 1622 diligentius
813 1555 1004 1618 exequerer,
1039 1537 1113 1600 dedi
1143 1556 1277 1619 operam
1298 1545 1332 1599 et

217 1642 401 1709 hebraicam
417 1641 505 1715 sacri
520 1640 706 1722 interpretis
727 1639 969 1704 translationem
981 1649 1013 1703 et
1026 1641 1230 1722 septuaginta
1242 1639 1333 1717 adin·

216 1747 322 1809 vicem
339 1743 499 1825 conferre,
524 1753 558 1804 ut
575 1763 615 1805 ex
636 1745 782 1828 utrisque
797 1742 873 1827 quid
890 1744 921 1804 in
938 1743 1058 1806 uostris
1075 1747 1192 1826 minus,
1212 1743 1331 1826 quidve

216 1848 321 1910 maius
347 1845 522 1909 haberetur
543 1845 727 1929 codicibus,
752 1847 912 1910 curiosius
933 1846 1163 1930 investigarem
1170 1866 1181 1929 3
1203 1845 1332 1930 etquid

217 1952 249 2014 in
272 1950 474 2034 septuaginta
504 1969 545 2012 ex
574 1942 715 2017 hebraeo
745 1949 807 2014 sub
830 1951 988 2014 asterisco
1011 1951 1051 2028 ><
1075 1950 1230 2032 additum,
1253 1948 1332 2034 quid

216 2063 441 2138 praenotatum
471 2052 567 2116 obelo
597 2053 634 2134 -ξ-
667 2052 741 2136 plus
770 2055 803 2116 iu
832 2054 884 2117 his
915 2072 1010 2136 quam
1041 2055 1074 2116 in
1107 2052 1332 2116 Hebraeorum
1383 2112 1388 2118 .

217 2156 434 2221 voluminibus
456 2156 647 2240 haberetur,
681 2158 794 2222 solerti
820 2156 1026 2239 indagatione
1049 2156 1246 2240 colligerem.
1289 2154 1333 2219 Et

218 2261 293 2345 quia
314 2261 416 2330 inerat
444 2261 600 2343 suspicio,
636 2281 677 2323 ne
707 2261 791 2324 forte
821 2270 853 2324 et
881 2261 954 2342 ipsa
983 2261 1134 2324 hebraica
1161 2260 1332 2325 translatio
1400 2320 1411 2339 „

215 2365 413 2447 scriptorum
444 2374 533 2428 esset
562 2365 640 2435 vitio
664 2364 848 2447 depravata,
883 2365 978 2427 etiam
1009 2363 1196 2429 hebraicum
1223 2365 1332 2447 ipsum

217 2467 371 2533 volumen
405 2466 447 2530 ad
468 2465 638 2531 lectionem
674 2467 767 2540 [eoa.
796 2470 897 2545 baum
921 2475 953 2525 et
972 2467 1119 2526 uolumen
1146 2467 1331 2546 electorem]

217 2563 366 2628 adhibui:
401 2581 462 2624 nec
495 2581 560 2625 non
591 2573 623 2626 et
644 2563 730 2626 illam
753 2566 953 2628 notissimam
983 2566 1168 2647 interpretis
1201 2564 1331 2649 [Hiero-

217 2662 320 2750 nymi]
350 2662 520 2747 epistulam
544 2664 711 2729 adsumam
744 2666 786 2729 ad
820 2665 953 2730 Suniam
984 2680 1016 2731 et
1046 2666 1204 2731 Fretelam
1237 2682 1332 2752 getas

220 2768 455 2851 conscriptam,
493 2769 612 2854 inqua
641 2769 856 2854 perplurimos
888 2770 1036 2834 codicum
1065 2780 1212 2835 nostrum
1242 2768 1332 2856 [lege

218 2869 421 2956 aestrorum]
438 2891 575 2954 errores
598 2874 754 2955 confutat,
777 2873 925 2937 adiunxi:
949 2874 1053 2936 ethis
1077 2873 1226 2938 omnibus
1244 2875 1332 2956 psal·
1368 2878 1372 2885 '

216 2976 332 3040 terium
367 2984 528 3059 vestrum,
563 2988 660 3059 prout
694 2979 804 3060 potui,
838 2979 982 3042 correxi:
1017 2978 1194 3041 asteriscos
1224 2976 1264 3055 >“<
1299 2985 1333 3040 et

218 3079 333 3144 obelos
355 3080 396 3158 -ζ-
427 3081 495 3143 suis
519 3079 601 3144 locis
623 3082 768 3145 restitui:
793 3083 879 3145 erasi
901 3082 992 3145 vitia:
1014 3092 1106 3145 recta
1128 3097 1277 3165 quaeque
1299 3089 1332 3144 et

188 3260 192 3268 Ι
217 3182 355 3267 probata
378 3182 502 3246 subieci
525 3193 605 3245 etc.u
1268 3261 1270 3266 Δ

277 3342 279 3347 ,
303 3283 414 3370 Signa
432 3285 496 3348 iam
525 3286 567 3348 ab
598 3287 741 3372 Origene
770 3289 910 3372 primum
942 3297 1113 3371 usurpata,
1148 3285 1330 3370 dequibus

217 3389 372 3456 disseruit
402 3397 479 3473 post
507 3386 793 3456 Montelalconium
825 3391 941 3474 Hexpl.
976 3390 1185 3455 Praeliminar
1215 3410 1244 3454 c.
1279 3387 1331 3453 lll.

217 3503 246 3569 ς.
269 3493 300 3559 3.
334 3513 367 3577 p.
389 3492 433 3556 75
455 3495 505 3558 ed.
540 3494 672 3558 Bahrdt.
716 3493 932 3560 Eiehhornius
961 3493 1043 3558 Einl.
1078 3496 1111 3557 iu
1143 3493 1201 3557 das
1230 3492 1271 3556 A.
1294 3478 1332 3555 Τ.

216 3596 254 3662 Τ.
290 3596 313 3660 1.
349 3618 381 3680 p.
415 3597 488 3660 491.
524 3618 573 3682 sq.
609 3598 660 3663 ed.
693 3588 733 3681 4,
767 3598 863 3662 simul
899 3619 1032 3681 eorum,
1075 3616 1158 3683 quae
1193 3593 1332 3678 posthac

215 3703 249 3764 in
284 3721 380 3767 usum
411 3702 576 3782 venerint,
610 3702 734 3765 ratione
767 3701 890 3785 habita,
925 3698 1080 3784 deinceps
1110 3705 1330 3776 enarraturus,

216 3801 431 3887 Epiphanium
454 3805 656 3888 potissimum
686 3804 802 3869 ducem
830 3801 987 3890 sequutus
1016 3825 1099 3884 sum,
1133 3803 1253 3887 quippe
1276 3799 1332 3884 qui

117 3980 121 3989 ¹
216 3907 327 3972 libello
359 3908 400 3971 de
422 3903 582 3973 mensuris
605 3919 637 3970 et
660 3908 859 3991 ponderibus
890 3909 940 3990 (T.
964 3908 1001 3971 ll.
1024 3908 1076 3971 ed.
1098 3905 1210 3970 Petav.
1234 3901 1331 3967 Colo·

215 4011 412 4090 niae1682)
444 4021 547 4075 totum
573 4011 659 4075 hunc
692 4009 800 4076 locum
832 4022 983 4077 accurate
1016 4010 1201 4075 tractaverit
1224 4025 1331 4092 neque

217 4114 297 4178 satis
320 4113 361 4176 ab
383 4113 496 4178 harum
520 4136 628 4180 rerum
651 4115 789 4178 curiosis
812 4132 972 4180 excussus
993 4114 1151 4178 videatur.

305 4217 340 4293 1)
371 4214 566 4282 Asteriscus.
622 4217 822 4302 Epiphanius
851 4238 884 4301 p.
913 4219 996 4284 159:
1031 4218 1071 4299 ><
1103 4212 1121 4281 ὁ
1156 4210 1332 4301 ἀστερίσκος
