2902 4822
687 418 768 498 135

154 622 156 626 ’
169 619 266 704 gium.
311 618 386 687 Non
408 633 491 697 opus
513 613 670 696 exemplis
691 612 850 699 pluribus,
874 635 957 700 quae
986 615 1179 681 desideranti
1202 638 1279 702 sup.
1378 670 1379 673 ,

170 721 324 804 peditahit
345 717 596 782 Siehenkeesius
618 738 650 801 p.
672 718 727 782 73.
776 715 937 803 Egregios
967 719 1063 784 binos
1094 721 1278 788 atheteseos

168 821 388 887 Aristarchiae
409 821 502 886 iocos
525 821 655 906 egregie
677 831 792 884 tractat
802 821 957 888 Lchrsius
978 825 1174 908 p.195.sq.‚
1198 825 1279 889 aiios

168 927 326 1012 Pluygers
349 947 380 1008 p.
394 926 423 987 2.
458 925 602 988 Alteram
627 921 798 1008 ἀθετήσεως
819 926 986 1010 rationem,
1010 928 1204 1011 quoniamst
1217 927 1280 993 alia

168 1041 243 1094 nota
265 1033 411 1114 signatur
434 1037 466 1091 et
488 1028 532 1090 ilii
555 1026 667 1092 similis
688 1037 813 1092 tantum
836 1040 902 1113 est,
933 1030 988 1094 uhi
1015 1031 1057 1095 de
1084 1031 1180 1095 obelo
1204 1043 1277 1096 cum

167 1134 325 1207 asterisco
347 1151 454 1196 sermo
477 1132 538 1194 erit
559 1131 601 1212 (ᾗ.
624 1131 692 1212 38),
715 1130 867 1222 tractabo.

255 1236 406 1300 Ceterum
437 1255 501 1297 non
531 1235 610 1297 satis
633 1237 789 1298 veterum
811 1237 996 1301 criticorum
1024 1238 1057 1300 in
1080 1236 1277 1322 designanda

167 1338 306 1424 ἀθετήσει
326 1338 506 1423 praedicari
529 1348 637 1420 potest
659 1336 838 1420 prudentia,
863 1339 951 1423 quod
973 1357 1071 1423 quum
1097 1361 1212 1406 versus
1235 1341 1278 1406 de

166 1444 230 1508 tide
253 1453 424 1526 suspectos
446 1442 593 1524 protinus
617 1440 768 1503 eliminari
791 1439 831 1503 dc
855 1453 1008 1506 contextu
1030 1442 1186 1525 licuisset,
1210 1463 1276 1528 quo

167 1556 218 1611 sat
239 1567 353 1632 magna
377 1544 622 1608 Homerieorum
645 1528 819 1608 carminum
843 1565 919 1628 pars
947 1556 1098 1609 aeternae
1120 1545 1275 1610 oblivioni

166 1652 336 1738 commissa
352 1650 477 1728 fuisset,
501 1638 604 1711 cosin
618 1657 770 1711 contextu
783 1668 926 1732 servare,
950 1660 1047 1732 atque
1059 1648 1276 1731 Aristophane

166 1765 199 1817 et
210 1755 399 1819 Aristarcho
423 1757 468 1826 (v.
491 1751 594 1815 Lehrs
617 1773 649 1834 p.
669 1752 747 1826 375)
770 1752 907 1816 ducibus
931 1755 1020 1830 (nam
1042 1752 1083 1815 de
1104 1751 1273 1819 Zenodoto

165 1857 346 1942 ambigitur,
376 1859 417 1921 ν.
433 1855 550 1919 Nauck
571 1855 739 1938 Aristoph.
767 1855 846 1940 Byz.
870 1866 901 1939 p:
924 1857 980 1936 26)
1013 1865 1175 1940 tamquam
1198 1871 1276 1941 spu-3

165 1962 232 2024 rios
254 1961 348 2045 signo
370 1970 482 2023 notare
504 1958 696 2039 maluerunt,
719 1959 891 2043 unicuique
914 1959 1032 2024 iudicio
1055 1979 1116 2024 suo
1130 1962 1276 2043 ipsorum

165 2065 206 2127 de
228 2064 387 2127 sententia
410 2063 455 2126 uti
478 2063 707 2144 permittentes
741 2061 781 2127 V.
793 2063 899 2126 Anon.
922 2064 955 2126 in
968 2061 1274 2128 VilloisoniAnecd.

164 2166 202 2232 Τ.
223 2165 260 2230 11.
284 2188 314 2250 p.
340 2167 402 2230 183
426 2164 582 2246 (Bekkeri
605 2165 788 2251 Anecda'l'.
811 2165 846 2228 lt.
869 2187 900 2248 p.
913 2166 1003 2244 768).
1028 2165 1173 2247 Quorum
1195 2176 1275 2256 tem·

165 2272 342 2353 perantiam
364 2268 481 2334 veliem
502 2278 634 2332 nostrae
657 2288 787 2353 quoque
809 2269 923 2332 aetatis
951 2269 1052 2333 critici
1081 2269 1275 2353 quampluri·

165 2394 250 2438 mum
264 2381 496 2458 sequerentur.

662 2533 690 2600 t.
720 2526 772 2590 37.

457 2657 505 2712 De
538 2652 723 2724 asterisco
756 2648 977 2712 Aristarchi.

198 2775 201 2783 ¹
249 2787 394 2854 Tertium
416 2789 520 2873 quasi,
544 2788 602 2852 sed
625 2789 835 2872 improprium
857 2783 1029 2870 ἀθετήσεως
1051 2786 1280 2872 Aristarchiae'

163 2911 268 2978 genus
291 2904 405 2956 auctor
427 2890 543 2956 Veneti
564 2892 794 2975 apospasmatii
817 2890 970 2973 adiunxit,
1004 2891 1099 2955 obelo
1122 2893 1218 2956 etiam
1240 2894 1272 2956 in

163 2995 334 3067 Anecdoto
357 2994 501 3059 Romano
525 2997 677 3060 continuo
712 2994 926 3077 subiunctum,
962 2994 1050 3078 quod
1072 2995 1219 3060 consistit
1240 2997 1274 3059 in

163 3112 240 3164 nota
256 3099 355 3163 obeli
386 3119 460 3163 eum
489 3101 646 3165 asterisco
681 3097 854 3177 coniuncti,
889 3095 929 3160 de
959 3117 1024 3182 quo
1047 3097 1151 3178 dicam
1173 3118 1272 3182 quum

163 3214 257 3266 antea
280 3202 321 3265 de
344 3202 514 3284 asterisco,
550 3203 659 3286 quiin
680 3200 851 3266 Anecdoto
873 3201 965 3267 Rom.
995 3202 1137 3266 ultimum
1161 3201 1273 3267 ordine

162 3305 272 3372 iocum
292 3304 425 3386 obtinet,
450 3325 643 3388 exposuero.
677 3306 837 3370 Asterisci
854 3307 952 3390 igitur
972 3308 1055 3389 puri,
1078 3307 1171 3371 cuius
1193 3306 1275 3391 figu-

163 3429 233 3472 ram
256 3417 284 3483 §-
296 3409 334 3471 21
359 3409 385 3488 ¹)
408 3409 509 3493 tetigi,
533 3409 562 3472 si
583 3410 729 3473 audimus
746 3410 950 3483 Anecdotum
965 3409 1144 3491 Romanum
1167 3407 1275 3492 capi

163 3522 196 3576 et
215 3512 242 3574 ll
265 3521 298 3575 et
310 3511 481 3593 Veretum,
504 3532 640 3594 prorsus
662 3515 745 3576 inter
767 3533 804 3577 se
827 3514 1060 3594 convenientia,
1084 3532 1122 3576 ea
1139 3498 1198 3576 tun
1216 3529 1275 3594 po,-

163 3625 277 3697 testas,
310 3625 345 3679 ut
375 3616 408 3678 in
439 3616 614 3679 eorundem
641 3637 794 3680 versuum
823 3618 1015 3699 repetitione
1044 3616 1221 3679 asteriscus
1244 3616 1276 3678 ei

163 3730 392 3802 apponeretur,
423 3721 477 3804 qui
499 3740 560 3783 suo
591 3718 665 3782 loco
688 3730 776 3783 recte
799 3721 925 3802 positus
956 3718 1118 3783 uideretur
1141 3715 1275 3780 nullam·

164 3841 228 3904 quc
251 3821 460 3885 offensionem
483 3822 625 3886 haheret.
659 3822 758 3886 Plane
775 3824 936 3887 consentit
952 3817 1156 3886 Aneedotum
1171 3818 1274 3885 Paris.

164 3947 196 4008 p.
218 3925 278 3989 86:
304 3925 528 4007 „Asteriseum
542 3925 777 4008 Aristophanes
800 3927 981 4016 apponebat
1004 3926 1067 3989 illis
1089 3924 1182 4008 locis,
1207 3926 1276 4014 qu17

163 4029 226 4092 hus
249 4049 366 4092 sensus
392 4029 539 4092 deesset:
563 4030 772 4093 Aristarchus
792 4040 898 4094 autem
921 4030 963 4094 ad
985 4050 1055 4113 eos,
1079 4029 1134 4112 qui
1155 4030 1189 4096 iu
1210 4028 1274 4092 hnc

163 4170 448 4185 ῌ-η-ι-ιι

206 4253 246 4319 Ὶ1)
264 4249 413 4316 Nonnulia,
430 4249 480 4304 sed
498 4265 551 4303 non
569 4251 637 4304 satis
656 4249 776 4306 discreta
794 4249 949 4307 Griieuhan
967 4253 986 4308 1.
1004 4253 1022 4308 l.
1049 4249 1129 4305 111.
1152 4248 1179 4322 pi
1197 4250 1241 4306 95.
