2902 4822
690 350 824 482 κε’

162 609 307 663 nostram
321 609 459 664 aetatem
478 598 556 663 nihil
572 598 729 682 perlatum
747 601 798 685 sit,
823 602 910 687 quod
927 603 1082 668 orationis
1100 606 1274 670 continuae

163 703 345 785 exemplum
367 703 548 786 praeberet,
572 722 612 766 eo
635 705 800 786 acceptius
817 704 920 770 videri
940 707 1060 788 debuit,
1085 707 1172 790 quod
1189 707 1274 770 fonte

163 807 290 869 fortuna
317 808 349 869 in
379 805 492 870 codice
523 804 649 870 Veneto
677 805 708 869 A
730 807 889 889 quaedam
918 819 1048 872 servata
1076 819 1167 890 sunt,
1190 826 1275 892 quae

164 908 291 972 illorum
313 910 468 973 iacturam
492 909 688 992 aliquantum
718 929 931 994 compensare
960 911 1097 975 valeant.
1142 909 1276 974 Scilicet

164 1031 250 1094 quae
273 1012 408 1096 abrupta
429 1011 508 1075 folio
532 1021 649 1076 octavo
675 1011 804 1077 Codicis
827 1013 978 1098 leguntur
998 1028 1145 1098 quaeque
1167 1033 1186 1076 a
1208 1010 1276 1074 Vil-

164 1115 308 1199 loison0‚
342 1116 404 1179 nisi
433 1113 536 1198 fallor,
565 1117 708 1198 omissa„
731 1126 806 1199 post
833 1115 1101 1205 Siebenkeesium
1129 1114 1212 1179 Bibl
1243 1113 1274 1177 (l.

164 1217 250 1281 alten
280 1219 354 1283 Litt.
385 1239 416 1282 u.
439 1217 546 1281 Knnst
578 1217 717 1283 Fasc‘l.
752 1240 784 1302 p.
807 1221 850 1284 69
883 1229 916 1284 et
947 1218 1170 1282 'lhienschium
1200 1217 1276 1282 Act.
1326 1284 1331 1291 ,

165 1321 240 1403 phil.
263 1321 390 1386 Monac.
414 1321 449 1385 ll.
473 1342 503 1404 p.
526 1321 606 1402 588,
629 1323 750 1403 primus
775 1332 925 1387 accurate
947 1321 989 1386 ad
1011 1321 1167 1386 Codicem
1190 1319 1274 1384 Bek-

164 1422 265 1487 kenus
287 1445 321 1507 p.
342 1424 393 1490 lll.
416 1423 570 1508 vulgavit,
602 1434 666 1486 tam
688 1424 917 1507 memorabilia,
941 1434 1112 1508 tantaeque
1137 1423 1276 1488 auetori-

165 1526 241 1590 tatis
264 1536 297 1589 et
318 1527 488 1592 vetustatis
511 1546 586 1589 esse
609 1527 767 1612 videntur,
799 1538 834 1590 ut
864 1547 946 1611 quac
974 1528 1097 1612 integra
1127 1536 1276 1612 repetan-

80 1692 83 1697 ,
166 1637 218 1690 tun
241 1629 338 1712 digna
360 1631 431 1693 sint.

167 1741 212 1827 ..ss
253 1726 328 1813 ῆτὸ
351 1731 436 1827 ἔφη·
457 1727 475 1795 ὁ
498 1729 533 1794 δὲ
560 1738 646 1796 τοῦτο
668 1731 707 1815 μῆ
738 1731 857 1816 νοῆσας,
892 1731 970 1798 ἀλλὰ
997 1730 1097 1814 λαβὼν
1127 1728 1213 1796 πάλιν
1242 1727 1277 1796 τὸ

168 1857 210 1916 φη
233 1830 295 1898 ἀντὶ
315 1840 368 1898 τοῦ
390 1858 443 1915 ως,
466 1830 602 1906 ὑπέταξεν
619 1831 660 1899 ἐκ
682 1843 826 1919 περισσοῦ
848 1833 1007 1920 ,πέφραδέ
1029 1859 1061 1899 τε
1075 1831 1212 1918 Τρώεσσι
1227 1829 1279 1896 καὶ

168 1934 330 2020 εὐχόμενος
362 1938 437 2011 ἔπος
458 1936 574 2020 ηὔδαέι·
597 1939 622 2016 ¹)
653 1945 819 2021 σημειοῦται
847 1937 881 2002 δὲ
903 1937 981 2021 πρὸς
1009 1935 1058 2001 τὸν
1088 1933 1176 2001 αὐτὸν
1199 1931 1278 2000 ἀπε·

168 2040 304 2126 ριστίκτῳ
315 2042 342 2120 ²)
359 2042 448 2126 διπλῆ
460 2038 513 2113 τὰς
530 2038 699 2123 ὁμωνυμίας
715 2036 843 2122 ἁπάσας,
867 2038 911 2105 ὅτι
935 2039 969 2105 οὒ
992 2040 1102 2124 νοήσας
1121 2036 1155 2107 τὸ
1178 2042 1278 2102 τοιοῦ-

168 2164 216 2205 τον
240 2142 369 2226 ἔγραψεν
391 2141 440 2206 ὁτὲ
462 2140 514 2227 μὲν
546 2139 728 2225 Πυλαιμένεα
762 2140 813 2207 ὁτὲ
849 2143 883 2208 δὲ
917 2140 1115 2227 Κυλαιμένεα·
1137 2143 1164 2223 ³)
1201 2137 1280 2224 πρὸς

169 2243 220 2326 μὲν
245 2244 281 2326 δὴ
304 2242 465 2326 Ζηνόδοτον
488 2243 570 2330 αὐτῷ
597 2244 616 2327 ῆ
645 2242 809 2328 παράθεσις
829 2253 883 2330 τῆς
909 2241 1144 2329 περιεστιγμένης
1172 2245 1281 2326 διπλῆς
1327 2308 1335 2326 s

169 2345 247 2430 πρὸς
258 2343 385 2430 ἑκάστην
397 2348 511 2432 γραφῆν
531 2345 736 2432 ἀκριβέστερον
755 2351 924 2433 θεωρεῖται·
942 2346 991 2411 τὸν
1004 2346 1039 2412 δέ
1057 2343 1161 2428 ὃβελὸν
1173 2345 1280 2425 ἔλαβεν

170 2447 205 2512 ἐκ
217 2458 270 2535 τῆς
292 2447 458 2533 Ζηνοδότου
482 2447 688 2533 διορθώσεως·
710 2452 860 2535 παρετίθει
883 2449 917 2513 δὲ
938 2447 1026 2514 αὐτὸν
1048 2457 1108 2522 τοῖς
1128 2445 1279 2530 ἐκβαλλο-

169 2549 266 2635 μένοις
295 2550 330 2615 ἐκ
351 2561 404 2636 τῆς
427 2553 577 2636 ποιῆσεως
599 2553 710 2633 στίχοις
734 2552 777 2625 ὡς
795 2562 856 2627 τοῖς
878 2560 992 2636 νεκροῖς
1013 2559 1072 2616 τῶν
1090 2547 1277 2634 ἀνθρώπων·

54 2681 56 2685 ·
169 2659 222 2738 τῆς
252 2652 287 2718 δὲ
315 2650 488 2737 ἆθετῆσεως
516 2651 599 2740 αὐτῷ
622 2653 716 2727 διττὸς
744 2653 760 2719 ὁ
789 2651 894 2737 λόγος·
927 2652 944 2718 ὁ
967 2652 1017 2737 μὲν
1051 2650 1107 2737 γάρ
1135 2651 1196 2718 ἐστι
1219 2675 1278 2737 ση-

169 2756 278 2839 μαίνων
302 2752 345 2818 ὅτι
367 2753 425 2839 οὐχ
445 2753 580 2841 Ὁμήρου
602 2755 636 2821 τὸ
659 2757 742 2837 ἔπος,
765 2756 809 2831 ὡς
832 2755 947 2839 ἐλέγετο
970 2753 1019 2819 ἐπὶ
1049 2763 1103 2821 τοῦ
1124 2754 1280 2840 ,πέμπεται

170 2855 200 2922 ἐν
233 2859 323 2943 θαλίη
356 2857 407 2924 καὶ
440 2861 506 2944 έχει
537 2858 736 2942 καλλίσφυρον
751 2855 887 2943 (Ἠβηνω
913 2862 941 2938 4)
975 2854 1114 2923 ἀδύνατον
1141 2857 1198 2942 γὰρ
1227 2859 1279 2942 τῆν

170 2961 314 3043 διηνεκῶς
335 2960 481 3047 παρθένον
512 2958 753 3047 παραδεδομένην
775 2965 970 3046 γεγαμῆσθαι·
994 2957 1012 3023 ὁ
1041 2959 1076 3023 δέ
1100 2957 1189 3026 αἰτίαν
1209 2958 1279 3026 ἐπι-

171 3059 256 3146 φέρει
278 3063 321 3137 ὡς
342 3072 402 3129 τῶν
424 3063 594 3150 ποιημάτων
618 3060 648 3126 ἐν
669 3071 706 3148 τῆ
726 3060 806 3136 τάξει
835 3061 1092 3148 διημαρτημένων·
1121 3059 1189 3128 ὅταν
1212 3058 1237 3128 δ’
1262 3059 1279 3126 ὁ

167 3158 361 3248 Ἀγαμέμνων
382 3165 454 3252 λέγη
477 3167 554 3250 πρὸς
572 3163 624 3230 Ιτὸν
650 3159 797 3247 Ἀχιλλέα
819 3166 896 3246 ,αἰεὶ
917 3164 973 3251 γάρ
1003 3188 1047 3230 τοι
1067 3165 1132 3248 έρις
1153 3186 1186 3228 τε
1207 3165 1280 3247 φίλη

171 3264 298 3350 πόλεμοί
329 3291 360 3332 τε
400 3266 494 3352 μάχαι
530 3270 600 3350 τε“,
636 3273 663 3344 ⁵)
711 3266 837 3332 ἐνταῦθα
870 3266 1037 3352 ῆθετῆσθαί
1071 3290 1159 3350 φησι,
1193 3261 1281 3349 χάριν

171 3375 224 3433 τοῦ
254 3367 401 3449 βασιλέιυς
432 3367 610 3453 ὀφείλοντος,
639 3368 664 3434 εἰ
692 3369 824 3444 τοιοῦτός
851 3368 926 3435 ἐστιν
959 3367 989 3434 ἐν
1018 3366 1142 3455 πολέμῳ
1176 3361 1280 3434 ὁκατ’

172 3467 339 3556 ἐπικουρίαν
366 3471 464 3556 ἥκων·
501 3471 603 3558 διόπερ
626 3470 675 3538 ἐπὶ
697 3471 748 3558 μὲν
768 3481 821 3538 τοῦ
842 3470 1000 3557 λεγομένου
1023 3466 1070 3536 ὑπ’
1090 3467 1281 3556 Ἀγαμέμνο-

170 3616 462 3629 ψ-

270 3687 345 3741 uaa.
365 3685 388 3754 ε,
408 3689 466 3738 ιω.

225 3687 252 3755 ¹)

223 3806 252 3873 2)
270 3804 356 3859 Recte
375 3807 410 3859 ita
429 3805 616 3860 ThiersclniuS.
654 3806 720 3860 Cod.
747 3805 932 3880 άπιριστέρκτῳ.

225 3924 253 3992 3)

169 3966 174 3983 ,
272 3923 447 3979 Thierschius
479 3923 641 3996 Βυλαιμένειι,
672 3925 726 3978 nisi
754 3924 877 3988 saltatur,
908 3931 937 3977 ut
968 3925 1027 3995 ipse
1060 3924 1114 3989 ait,
1147 3924 1174 3976 in
1203 3923 1284 3991 signo
1355 3962 1358 3968 ‚

277 4012 385 4065 litterae
406 4010 437 4062 ll.

166 4118 176 4133 '
226 4134 254 4199 4)
273 4129 375 4203 Odyss.
392 4130 416 4195 λ,
434 4133 493 4194 602,
510 4131 556 4184 ubi
574 4129 662 4205 θαλίης
679 4129 812 4199 vulgatur.

226 4254 254 4316 ὁ)
275 4248 350 4303 lliatl.
369 4267 393 4314 α,
415 4253 471 4301 177.
