2902 4822
691 438 743 512 89

163 630 278 712 phanis
312 629 488 693 comoediis
522 630 729 695 recensendis
768 642 800 694 et
832 629 1030 694 illustrandis
1065 629 1272 715 multiplicem

163 753 297 816 operam
319 734 517 816 impendisse
548 731 676 798 Scholia
701 743 858 798 testantur
888 733 1024 796 abunde.
1069 734 1176 816 Atque
1209 752 1272 795 non

163 837 268 900 solum
293 836 444 920 peculiari
479 841 782 902 commentariorum
815 841 916 902 instar
949 857 1047 920 opere
1082 838 1113 898 in
1146 836 1273 900 Aristo-

163 940 269 1023 phane
291 939 481 1004 illustrando
514 963 587 1006 eum
622 955 786 1007 versatum
816 961 890 1006 esse
914 963 954 1004 ex
977 961 1017 1004 eo
1040 939 1273 1019 concludimuS,

164 1044 252 1128 quod
275 1044 454 1110 Aristarchi
481 1046 535 1109 vel
568 1046 671 1111 allatis
702 1049 783 1130 ipsis
807 1047 876 1109 eius
906 1045 1013 1107 verbis
1042 1045 1163 1127 passim
1186 1034 1274 1104 men-

163 1150 210 1212 tio
232 1148 284 1230 fit,
307 1148 406 1211 veluti
430 1149 508 1213 Rau.
534 1150 617 1214 1173
640 1159 672 1210 et
696 1148 790 1229 1230,
814 1149 873 1211 sed
896 1151 991 1211 ctiam
1014 1169 1054 1211 ex
1086 1146 1164 1209 llan.
1189 1146 1274 1207 1474

164 1262 292 1316 constat
323 1252 362 1314 de
385 1255 570 1317 atheteseos
593 1272 713 1336 genere
746 1253 858 1315 critico
889 1252 1024 1315 similem
1057 1251 1096 1314 ad
1133 1249 1273 1330 modum,

164 1376 262 1439 quem
295 1358 495 1420 recensendo
527 1357 668 1421 Homero
702 1356 856 1437 adhibuit,
889 1366 1054 1438 usurpato.
1100 1353 1189 1416 Haec
1219 1371 1275 1414 au·

163 1471 229 1522 tem
251 1461 356 1522 minus
389 1461 430 1523 ad
461 1482 528 1524 rem
552 1469 710 1524 nostram:
748 1460 891 1543 apprime
922 1479 1001 1522 vero
1029 1462 1092 1523 huc
1125 1456 1273 1540 pertinet,

164 1563 252 1648 quod
275 1564 360 1626 etin
394 1565 560 1628 ordinandi
593 1565 769 1628 carminum
803 1562 955 1626 membris
990 1562 1168 1625 elaboravit
1190 1580 1272 1622 eam-

164 1688 229 1750 que
252 1666 429 1730 doctrinam
459 1669 501 1732 ad
524 1669 665 1751 officium
690 1668 799 1731 critici
823 1668 982 1750 pertinere
1006 1677 1094 1730 ratus
1118 1675 1177 1728 est.
1223 1662 1274 1727 Ad

164 1771 245 1834 Rau.
268 1771 350 1834 356:
385 1769 524 1855 εὐφημεῖν
556 1769 632 1856 χρὴ]
664 1771 857 1834 adnotatur:
892 1769 941 1835 ἐπὶ
966 1779 1066 1836 τοῦτον
1094 1769 1150 1837 τὸν.
1167 1764 1274 1852 χρόνον

164 1869 243 1955 λέγει
268 1867 469 1959 Ἀρίσταρχος
499 1877 672 1960 μεμερίσθαι
706 1871 747 1949 εἷς
769 1875 875 1960 μερικὰ
897 1870 1101 1954 ἃναπαιστιιιοί,
1135 1873 1214 1937 ἄλλα
1242 1868 1276 1933 δὲ

165 1974 339 2060 ἀμείβεσθαι
359 1977 409 2041 τὸν
433 1977 552 2063 χρόνον,
576 1998 640 2063 quo
672 1980 746 2043 loco
769 2000 828 2062 pro
851 1979 958 2065 χρόνον
981 1977 1202 2063 reponendum
1225 1984 1276 2038 est

164 2081 338 2166 utrobique
360 2080 461 2167 χορόν.
495 2082 577 2145 Tum
599 2084 640 2146 ad
662 2104 711 2146 vs.
731 2084 812 2147 374:
836 2082 931 2168 χώρει
952 2082 1013 2167 νῦν]
1039 2081 1166 2153 εἴσθεσις
1188 2075 1277 2162 ἑτέρα
1308 2112 1310 2116 ·

165 2181 272 2267 μέλοος
305 2194 536 2269 μονοστροιριιιοό
572 2183 765 2270 διαιρεθέντος
798 2196 850 2253 τοῦ
878 2195 982 2271 χοροῦ,
1013 2184 1047 2250 ἐκ
1069 2182 1176 2249 κώλων
1200 2179 1275 2245 ἀνα-

165 2297 324 2352 παιστικῶν
349 2290 368 2369 ί,
393 2285 434 2353 ὧν
456 2288 493 2354 τὰ
528 2289 579 2374 μὲν
610 2291 688 2376 ἄκρα
711 2289 816 2354 καὶτὸ
845 2286 870 2355 δ’
894 2291 944 2356 καὶ
966 2288 981 2355 ἑ
1005 2292 1126 2373 δίμετρα
1158 2283 1275 2351 ἀκατά-

86 2465 88 2469 ,
166 2393 274 2473 ληκτα·
296 2391 330 2455 τὸ
355 2391 388 2456 δὲ
410 2393 545 2477 δεύτερον
567 2392 618 2458 καὶ
640 2394 722 2458 ἕκτον
753 2395 960 2480 ἑφθημιμερῆ,
990 2393 1024 2458 τὸ
1051 2393 1145 2478 τρίτον
1168 2388 1219 2454 καὶ
1239 2389 1274 2454 τὸ

167 2493 271 2577 ’ὄγδοον
301 2496 423 2580 δίμειρα
449 2497 733 2582 βραχοιατάληκτα·
767 2496 804 2561 τὰ
832 2498 866 2562 δὲ
893 2496 982 2564 λοιπὰ
1010 2498 1148 2582 τρίμετρα
1179 2514 1275 2556 κατοι-

166 2595 291 2680 ληιιπκὰ
323 2597 364 2673 εἰς
387 2601 550 2684 συλλαβήν·
586 2603 656 2687 ἑξῆς
678 2601 712 2666 δὲ
735 2603 830 2686 στίχοι
863 2602 916 2668 δύο
947 2597 1147 2667 ἀναπαιστικοὶ
1167 2593 1275 2682 τετρά-

166 2723 266 2786 μετροι
286 2703 493 2786 καταληπτικοὶ
517 2704 560 2779 ὡς
582 2704 614 2778 ἐξ
636 2705 740 2792 ἑτέρας
763 2717 909 2793 στροφῆς·
933 2705 981 2772 ἐπὶ
1009 2715 1053 2791 uqi
1074 2702 1151 2768 τέλει
1172 2697 1275 2784 παροί-
1339 2790 1344 2794 k

166 2822 296 2888 γραφος·
326 2804 458 2873 ἐντεῦθεν
492 2810 527 2874 δὲ
546 2805 745 2895 Ἀρίσταρχος
778 2809 924 2894 ὑπενόησε
953 2811 993 2895 μὴ
1016 2807 1073 2874 ὅλα
1101 2813 1154 2871 τοῦ
1181 2811 1277 2889 χοροῦ

167 2903 242 2972 εἶναι
263 2906 300 2973 τὰ
321 2919 442 2994 πρῶτα·
465 2921 549 2979 τοῦτο
573 2914 606 2979 δὲ
629 2911 684 2978 οὒκ
707 2913 891 2987 ἀξιόπιστον·
920 2911 1063 2987 πολλάκις
1091 2909 1147 2994 γὰρ
1177 2907 1275 2992 ἀλλή-

165 3014 228 3086 λοις
262 3011 340 3077 οὕτω
376 3015 624 3099 παρακελεύονται
657 3017 684 3082 οί
707 3017 790 3102 παρὰ
810 3018 861 3082 τὸν
892 3016 992 3102 χορόν.
1037 3016 1201 3079 Habemus
1224 3012 1276 3074 hic

155 3118 278 3181 'nescio
306 3121 399 3183 cuius
431 3140 599 3184 censuram
623 3123 799 3185 sententiae
822 3122 1050 3202 Aristarchiae,
1084 3121 1117 3182 in
1140 3117 1277 3200 disposi-

165 3222 253 3284 tione
284 3232 460 3287 metrorum
488 3227 659 3307 versantia,
691 3246 773 3309 quae
807 3247 904 3309 quum
935 3225 1121 3308 praesertim
1144 3229 1277 3304 propter

165 3324 341 3388 adhibitam
369 3328 531 3410 antiquam
561 3331 756 3413 paragraphi
788 3341 897 3393 notam
930 3329 970 3392 ab
992 3331 1065 3412 ipso
1086 3323 1276 3390 Aristarcho

166 3428 270 3491 videri
306 3431 410 3512 possit
443 3431 598 3513 profecta,
632 3444 739 3496 tamen
772 3453 867 3497 nemo
901 3435 955 3516 qui
984 3442 1109 3497 ceteras
1132 3427 1277 3493 eiusdem

166 3535 296 3618 generis
331 3535 551 3616 expositiones
581 3538 731 3600 metricas
754 3556 813 3619 per
839 3546 942 3599 totum
971 3534 1176 3599 Scholiorum
1206 3550 1278 3594 cor-

165 3657 228 3720 pus
252 3657 383 3720 sparsas
407 3637 459 3700 vel
482 3638 587 3701 obiter
617 3641 803 3722 inspexerit,
838 3659 897 3723 pro
920 3659 1020 3721 opere
1050 3649 1114 3700 tam
1146 3636 1277 3718 antiquo

166 3739 330 3822 habuerit,
355 3762 453 3824 quum
476 3743 665 3824 praesertim
688 3763 785 3806 unum
808 3743 1009 3825 eundemque
1032 3751 1198 3804 auctorem
1221 3758 1278 3802 eas

167 3845 321 3909 habuisse
343 3858 476 3927 apparet
499 3867 597 3930 quum
628 3866 669 3909 ex
691 3847 848 3911 tractandi
878 3849 1011 3910 rationis
1041 3844 1277 3930 aequabilitate,

166 3959 234 4012 tum
267 3969 308 4012 ex
343 3968 384 4011 eo
414 3950 500 4033 quod
532 3953 563 4014 in
596 3952 777 4035 posteriore
810 3953 916 4036 aliqua
939 3961 1029 4034 parte
1062 3949 1277 4030 Scholiorum,

167 4071 249 4136 quae
275 4053 305 4113 in
327 4054 434 4135 priore
457 4055 587 4137 dixerit,
618 4066 733 4118 auctor
754 4056 824 4138 ipse
846 4055 987 4139 recolat,
1018 4066 1055 4120 ut
1076 4055 1155 4119 Ran.
1176 4055 1277 4118 1275:

85 4237 88 4246 ,
167 4150 259 4220 ἐνίοτε
290 4151 326 4217 δὲ
341 4153 398 4221 Ἰπαὶ
428 4154 501 4240 perd
523 4154 638 4242 διπλῆν,
665 4155 717 4230 ὡς
739 4155 883 4233 πολλάκις
914 4158 1051 4244 εἴρηται.·.
1079 4157 1146 4223 Sed
1172 4168 1278 4222 tamen

166 4257 252 4324 haud
284 4259 390 4333 minus
420 4272 553 4345 erraret,
588 4262 642 4349 qui
674 4273 840 4327 auctorem
871 4265 1010 4353 antiquis
1040 4261 1277 4350 exemplaribus
