2902 4822
691 403 743 476 42

164 595 239 658 rari.
283 591 409 656 Etenim
438 603 474 656 ut
501 591 679 657 industriae
710 590 843 655 editoris
876 589 1045 654 clarissimi
1067 589 1144 653 nihil
1167 590 1273 656 detra·

162 697 237 761 barn
265 695 381 778 laudis,
411 707 517 759 tamen
551 716 649 780 quum
678 693 859 759 incredibili
887 712 989 775 paene
1019 692 1216 778 negligentia
1240 703 1273 758 et

163 799 294 862 levitate
315 796 530 863 Villoisonum
559 800 592 862 in
621 796 844 862 describendis
874 796 1111 880 vulgandisque
1132 794 1274 861 Scholiis

163 910 327 965 versatum
349 921 424 965 esse
446 902 509 964 iam
531 911 605 964 ante
628 901 748 964 editum
771 920 790 963 a
813 897 965 962 Bekkero
994 899 1177 981 exemplum
1200 919 1275 983 per·

164 1013 312 1087 spectum
335 1013 433 1083 esset,
457 1023 521 1066 non
543 1013 671 1085 poterat
699 1022 763 1066 non
786 1011 934 1065 notarum
964 1000 1114 1064 versibus
1137 1001 1274 1086 singulis

164 1105 397 1187 adscriptarum
419 1105 500 1168 fides
525 1125 588 1168 una
604 1106 699 1170 valde
716 1105 855 1188 infringi.
890 1103 1000 1187 Atque
1020 1102 1084 1166 hoc
1100 1123 1166 1167 non
1182 1122 1275 1186 prae·

163 1227 304 1291 propere
323 1206 496 1271 iudicatum
513 1208 626 1291 fuisse,
643 1209 772 1271 nuncin
784 1215 951 1288 comperto
962 1205 1129 1288 habemuS,
1153 1226 1195 1268 cx
1209 1224 1275 1290 quo

164 1307 248 1373 Guil.
272 1307 391 1392 Georg.
414 1307 575 1394 Pluygers
605 1310 782 1393 scriptione
805 1307 999 1373 scholastica
1026 1328 1055 1371 a.
1084 1308 1170 1370 1847
1191 1308 1276 1392 Lug·

164 1409 241 1503 duni
262 1410 301 1474 B.
324 1411 443 1475 emissa
465 1413 596 1497 egregia
618 1413 643 1493 ¹)
667 1431 796 1493 eorum,
830 1431 913 1496 quae
942 1411 974 1473 in
996 1420 1135 1494 utroque
1156 1411 1276 1474 instru-

163 1522 283 1595 mento,
307 1514 394 1577 etin
416 1513 557 1579 Scholiis
581 1515 668 1578 etin
691 1524 843 1576 contextu
873 1513 912 1576 de
936 1513 1037 1597 signis
1070 1512 1189 1576 criticis
1212 1521 1276 1575 tra·

165 1614 229 1678 dita
252 1626 337 1697 sunt,
361 1615 455 1679 fidem
479 1617 756 1680 etauctoritatem
786 1617 968 1678 examinare
991 1617 1112 1698 eoepit:
1147 1632 1276 1698 exque
1299 1644 1302 1650 ·

163 1716 276 1781 labore
299 1716 393 1780 simul
416 1719 634 1802 cognoscitur,
669 1718 756 1801 quod
779 1728 968 1800 exspectare
989 1737 1053 1780 non
1077 1725 1276 1799 poteramus,

164 1838 250 1881 nunc
283 1837 362 1881 vero
384 1837 449 1880 non
471 1821 541 1883 sine
563 1821 780 1906 indignatione
814 1820 1030 1903 profitendum
1053 1830 1113 1898 est,
1147 1818 1277 1883 Bekke·

164 1941 235 1984 rum
258 1922 290 1983 in
313 1919 453 1985 Scholiis
476 1923 621 2007 edendis,
643 1926 772 1988 tametsi
793 1926 826 1987 in
848 1935 912 1986 tam
935 1923 1056 1987 difficili
1079 1932 1176 2006 atque
1199 1941 1277 2005 ope·

164 2042 243 2087 roso
265 2023 377 2086 labore
398 2035 533 2106 peccata
567 2025 691 2091 leviora
713 2027 813 2091 multa
843 2027 884 2089 ob
913 2026 1084 2089 humanam
1112 2022 1287 2089 imbecilli*

165 2134 264 2187 tatem
286 2124 436 2190 lubenter
458 2128 691 2211 condonentur,
715 2128 742 2208 ²)
773 2149 812 2192 ca
834 2128 985 2193 socordia
1006 2148 1102 2192 usum
1124 2146 1218 2209 esse,
1240 2132 1278 2190 ut

165 2247 183 2290 a
203 2227 317 2291 codice
338 2228 408 2292 eius
427 2230 585 2294 recensio.
597 2232 642 2294 ita
664 2251 762 2313 saepe
782 2231 950 2295 discedere
970 2229 1277 2313 deprehenderetur,

168 2340 231 2411 aut,
254 2331 317 2394 nisi
338 2331 409 2412 ipse
438 2343 585 2396 moneret
606 2335 702 2398 huius
724 2333 797 2397 libri
830 2331 962 2397 Scholia
984 2353 1002 2396 a
1025 2351 1062 2395 se
1084 2330 1147 2413 edi,
1180 2330 1277 2394 alium

164 2441 237 2496 aute
260 2431 373 2495 oculos
407 2452 482 2496 eum
502 2434 656 2500 habuisse
690 2434 851 2500 diceres.“
892 2434 968 2498 Non
1000 2453 1071 2497 mea
1100 2434 1180 2497 haec
1202 2441 1278 2496 sunt

164 2533 262 2597 verba
295 2534 380 2613 (nam
415 2535 492 2598 mihi
520 2537 649 2620 quidem
671 2538 704 2599 in
739 2538 800 2601 hac
823 2558 941 2602 caussa
964 2546 1058 2600 caute
1079 2534 1277 2620 loquendum

164 2643 226 2717 est,
250 2636 369 2718 quippe
393 2636 448 2719 qui
469 2656 553 2700 unus
576 2639 608 2700 in
630 2640 743 2722 paucis
766 2641 860 2703 fidem
875 2639 1019 2703 Bekkeri
1041 2637 1126 2701 haud
1146 2639 1277 2719 impune

164 2735 240 2799 olim
261 2737 295 2799 in
319 2737 450 2800 dubium
472 2742 682 2824 vocaverim),
707 2741 765 2806 scd
788 2741 971 2827 Pluygersii
993 2763 1023 2824 p.
1045 2740 1086 2802 10
1105 2739 1158 2819 (cf.
1181 2740 1277 2802 etiam

163 2860 195 2922 p.
210 2839 241 2901 7.
257 2845 301 2921 a),
325 2841 381 2924 qui
403 2841 532 2906 adiutus
551 2844 672 2909 codicis
687 2845 858 2909 collatione
876 2864 971 2927 nova,
996 2864 1091 2927 quam
1109 2841 1144 2906 C.
1160 2840 1198 2906 G.
1215 2840 1278 2906 Co·

163 2941 271 3023 betus,
293 2942 419 3006 iuturus
433 2942 680 3010 Homericorum
698 2951 873 3012 carminum
893 2946 1162 3029 Scholiorumque
1184 2945 1218 3008 in
1239 2963 1278 3008 ea

163 3044 369 3127 instaurator,
393 3067 517 3110 summa
540 3049 701 3134 diligentia
720 3052 868 3133 confecit,
892 3050 1096 3135 vulgatorum
1115 3046 1278 3129 exempla·

163 3147 246 3209 rium
269 3148 411 3212 conditio
435 3149 537 3232 qualis
561 3164 659 3234 esset,
690 3154 830 3239 ingenue
859 3153 1029 3237 professus
1054 3161 1105 3215 est
1126 3148 1278 3233 singulis·

164 3267 229 3332 que
252 3244 408 3331 exem‘plis
431 3248 705 3319 commonstravit.
740 3254 844 3320 Simul
866 3257 961 3318 etiam
983 3255 1016 3316 in
1038 3250 1188 3336 opusculi
1210 3250 1278 3314 lau·

164 3350 230 3413 dati
252 3353 382 3415 introitu
404 3352 445 3415 de
463 3374 548 3418 novo
570 3357 603 3421 in
624 3359 737 3422 eadem
754 3359 950 3423 bibliotheca
967 3356 1130 3419 Marciana
1147 3360 1278 3435 reperto

164 3452 285 3516 Codice
318 3453 499 3537 Odysseam
531 3478 603 3522 cum
632 3458 771 3524 Scholiis
793 3461 908 3541 partim
942 3479 982 3522 ex
1004 3469 1150 3521 veterum
1172 3474 1278 3539 gram·

164 3558 352 3621 maticorum
370 3557 462 3622 libris
485 3563 646 3645 excerptis
666 3562 831 3644 docemur,
856 3563 910 3645 qui
932 3581 1037 3625 novae
1057 3558 1190 3622 editioni
1212 3555 1278 3620 Ho-

125 3746 128 3751 '
217 3743 248 3809 1)
266 3742 309 3796 De
341 3747 490 3797 carminum
522 3745 730 3801 Homericorum
761 3754 941 3816 veterumque
973 3749 1002 3799 in
1039 3763 1073 3800 ea
1108 3743 1277 3798 scholiorum
1307 3727 1313 3735 ’

264 3835 326 3898 post
344 3833 517 3899 nuperrimas
539 3831 664 3884 codicum
687 3830 888 3884 Marcianorum
912 3832 1076 3886 collationes
1102 3828 1278 3884 retractanda
1311 3899 1315 3907 .

267 3913 394 3971 editione.

215 4021 245 4084 2)
265 4017 297 4070 V.
324 4017 453 4073 hluetzell
479 4017 537 4076 Em.
562 4017 664 4089 Theog.
688 4037 715 4090 p.
740 4021 800 4074 477.
834 4017 878 4071 Ad
896 4037 921 4085 α,
940 4022 964 4070 2.
982 4036 1009 4089 p.
1026 4022 1048 4083 l,
1066 4018 1083 4072 b
1101 4020 1135 4070 39
1153 4015 1187 4074 oe
1205 4015 1278 4069 male

266 4107 398 4175 scriptum
425 4122 475 4175 pro
492 4105 528 4171 τό,
546 4112 575 4160 ut
593 4105 701 4160 Villois.
737 4109 801 4158 l’ost
820 4123 844 4170 α,
866 4109 896 4158 lb
920 4105 1092 4159 desideratur
1116 4110 1178 4157 nota
1199 4101 1277 4156 codi-

269 4191 310 4244 cis
330 4191 361 4242 h.
394 4190 449 4242 Sed
468 4190 532 4243 uolo
553 4192 639 4260 plura.
