2902 4822
663 439 687 510 5

653 626 708 699 ΠΙ.

197 752 244 847 Ἦ
273 754 309 820 δὲ
331 759 462 822 δοκοῦσα
484 755 597 843 ἀρχαῖα
622 757 723 847 Ἰλιοίς,
755 763 896 849 λεγομένη
930 767 963 830 δὲ
987 765 1039 831 ἀπ’
1060 767 1232 851 Ἑλικῶνος,

121 859 272 945 προοίμιον
294 860 360 943 ἔχει
380 866 485 926 τοῦτο’
798 888 799 891 ’

207 960 329 1035 Μούσας
351 959 444 1026 ἀείδω
466 961 516 1028 καὶ
533 958 715 1034 Ἀπόλλωνα
737 970 924 1053 κλυτότοξον,

123 1063 168 1138 ώς
200 1061 250 1129 καὶ
281 1061 420 1167 Νικοίνωρ
453 1063 593 1152 μέμνηται
625 1070 676 1137 καὶ
707 1072 826 1159 Κράτης
859 1073 888 1139 ἐν
921 1085 981 1151 τοὶς
1014 1079 1231 1162 Διορδιοτικοῖς.

118 1161 323 1250 Ἀριστόξενος
346 1163 372 1231 δ
395 1166 424 1233 ἐν
448 1166 468 1235 αί
489 1172 747 1256 Πραξιδαμαντίων
764 1181 804 1252 ¹¹)
829 1175 916 1261 φησὶν
939 1176 1022 1243 κατοί
1037 1202 1114 1253 τινας
1136 1181 1232 1262 ἔχειν·

216 1265 348 1332 Ἔσπετε
362 1271 404 1345 ”)
427 1277 476 1335 νῦν
491 1294 550 1355 μοι,
565 1276 691 1356 Μοῦσαι,
708 1271 860 1362 Ὀλύμπια
879 1276 988 1364 δώματ’
1011 1283 1146 1363 ἔχουσαι,

226 1368 332 1445 ὅππως
352 1373 389 1456 δὴ
412 1374 497 1458 μῆνίς
518 1397 550 1438 τε
567 1373 661 1459 χόλος
682 1374 711 1442 δ’
734 1380 786 1443 ἕλε
800 1383 840 1461 ”)
863 1386 1036 1465 Πηλείωνα,

225 1478 340 1557 Λητοῦς
355 1478 400 1553 ¹⁴)
424 1472 535 1557 ἀγλαὸν
557 1476 636 1545 οίόν·
662 1479 679 1544 ὁ
703 1479 759 1565 γὰρ
782 1485 902 1568 βασιλῆϊ
925 1489 1082 1567 χολωθείς.

125 1577 184 1660 Τὴν
208 1580 246 1654 ”)
278 1574 311 1639 δὲ
340 1578 456 1659 ποίησιν
490 1575 740 1660 ἀναγινώσκεσθαι
775 1581 851 1657 ἀξιοῖ
885 1585 1029 1670 Ζώπυρος
1063 1587 1080 1652 ὁ
1113 1588 1234 1674 Μοίγνης

123 1675 238 1742 Αἰολίδι
260 1676 424 1764 διαλέκτῳ·
447 1681 481 1745 τὸ
505 1677 530 1745 δ’
555 1681 627 1747 αὐτὸ
650 1683 701 1750 καὶ
723 1686 913 1770 Δικαίαρχος.
944 1689 982 1753 At
1005 1687 1100 1773 μέντοι
1122 1687 1233 1777 ῥαψῳ-

123 1780 184 1844 δίαι
208 1783 248 1861 ’1)
283 1778 359 1845 κατὰ
389 1781 544 1866 σονοίρειαν
574 1784 694 1870 ἥνιοντο,
726 1791 767 1864 ¹¹)
798 1791 938 1871 κορωνίδι
960 1789 1034 1876 μόνη
1058 1792 1233 1857 διαστελλό-

123 1907 215 1967 μεναι,
239 1883 323 1971 ἄλλῳ
348 1881 374 1949 δ
392 1883 497 1952 οὔδενί.

370 2227 703 2306 ΑΝΕΟΒΟΤΠΜ
729 2229 987 2305 VENETUM

102 2398 104 2401 ·
214 2403 232 2446 a
256 2381 566 2449 Siebenkeesio
589 2394 621 2446 et
643 2382 886 2446 Villoisono
915 2381 1079 2464 vulgatum
1107 2384 1141 2461 ¹).

616 2523 734 2532 0——

358 2617 457 2679 Ταῦτα
479 2611 599 2698 εὕρηται
619 2613 652 2677 ἕν
673 2635 725 2676 τινι
746 2616 866 2697 παλαιῷ
888 2612 1001 2699 βιβλίῳ.

209 2752 279 2824 Τοῖς
305 2745 372 2835 παρ’
402 2749 531 2836 Ὁμήρῳ
562 2749 673 2833 στίχοις
705 2758 811 2831 σημεῖα
833 2747 1006 2833 παράκειται
1029 2746 1115 2811 τάδε·
1147 2750 1234 2830 διπλη

122 2850 243 2933 καθαρὰ
272 2868 321 2920 >··
357 2857 446 2939 διπλῆ
477 2848 697 2937 περιεστιγμένη
726 2850 781 2919 >'··
813 2848 920 2931 ὀβελὸς
942 2866 1000 2895 -·
1045 2844 1151 2927 ὀβελὸς
1185 2848 1235 2911 σὺν

160 3085 204 3151 11)
223 3083 288 3142 eod.
307 3084 328 3138 δ’
345 3086 473 3162 ίνοίπροιξιι
491 3086 637 3161 δαμαντίων,
656 3086 690 3138 de
709 3100 761 3155 qua
780 3083 899 3136 lectione
919 3099 944 3136 v.
966 3082 1112 3135 Excursum
1133 3080 1152 3136 Ι.

161 3185 204 3253 12)
224 3186 261 3238 lta
280 3187 346 3241 Οοιλ
363 3192 391 3243 ni
409 3189 499 3254 fallor,
518 3206 573 3242 non
591 3187 683 3242 ἔσπετε.
705 3184 739 3243 V.
758 3184 852 3240 Schol.
872 3185 947 3240 Iliad.
974 3184 996 3252 β,
1015 3186 1074 3238 181.

161 3289 205 3353 13)
223 3288 266 3342 Ad
287 3290 428 3359 vulgarem
453 3286 592 3346 scribendi
617 3305 697 3343 usum
725 3287 892 3341 conformavi
919 3287 989 3356 quod
1007 3287 1035 3339 in
1054 3286 1120 3343 Cod.
1140 3286 1237 3358 legitur

226 3393 252 3427 τι
270 3373 310 3428 ίλι
328 3378 455 3448 quodque
474 3379 501 3430 in
519 3377 646 3445 vestigiis
663 3376 793 3444 antiquae
812 3376 965 3444 scripturae
984 3372 1172 3427 referendum:
1202 3373 1235 3425 de

228 3478 281 3533 qua
299 3463 371 3517 infra
388 3481 454 3520 ansa
473 3463 629 3518 disserendi
647 3463 763 3517 dabitur.

128 3592 130 3595 ·
162 3562 205 3631 14)
223 3562 405 3619 Scribendum
424 3583 487 3620 esse
505 3567 598 3638 Λητοῦς
614 3559 632 3616 τ’
657 3562 757 3633 ἀγλαόν,
778 3563 1007 3617 demonstrabitur
1028 3563 1104 3626 infra,
1132 3549 1189 3616 ubi*
1202 3565 1236 3616 do

227 3646 280 3702 hoo
298 3652 438 3720 prooemio
457 3650 614 3717 singulatim
633 3647 786 3700 dicendum.

161 3751 206 3816 15)
223 3748 328 3804 Locum
346 3751 380 3805 ab
398 3750 451 3806 hoo
470 3751 534 3804 inde
552 3748 688 3803 vocabulo
711 3765 798 3819 usque
825 3749 859 3802 ad
888 3746 1031 3820 Δικαίαρχος
1051 3747 1115 3800 olim
1139 3750 1236 3819 vulga-

230 3855 325 3892 veram
349 3838 433 3893 Βοίιι.
459 3858 483 3892 z·
502 3838 605 3892 Gesch.
630 3837 655 3890 d.
675 3838 724 3894 Gr.
742 3853 769 3893 ο.
787 3835 865 3892 Rom.
895 3834 958 3890 Litt.
978 3833 1008 3887 ’1.
1031 3834 1193 3906 11.μ.118,
1221 3855 1236 3890 a

229 3925 298 3978 viris
316 3924 404 3980 doctis
423 3934 552 3996 spretum.
1142 3925 1144 3927 ’

164 4029 207 4092 16)
225 4025 291 4079 Cod.
310 4022 451 4102 ρἀψιοδείαι.

164 4129 207 4195 17)
226 4127 295 4183 eod.
312 4126 415 4198 ίηβονντο.
433 4129 467 4186 V.
487 4131 521 4184 ad
538 4128 701 4184 Anecdoton
719 4128 862 4195 venetum,
881 4128 931 4183 sub
951 4123 1042 4182 finem.

181 4251 208 4314 ι)
229 4247 261 4303 v,
282 4253 307 4315 s.
330 4254 367 4300 ιο.
