<?xml version="1.0" encoding="UTF-8"?>
<!DOCTYPE html PUBLIC "-//W3C//DTD XHTML 1.0 Transitional//EN"
    "http://www.w3.org/TR/xhtml1/DTD/xhtml1-transitional.dtd">
<html xmlns="http://www.w3.org/1999/xhtml" xml:lang="en" lang="en">
 <head>
  <title>
</title>
<meta http-equiv="Content-Type" content="text/html;charset=utf-8" />
  <meta name='ocr-system' content='tesseract 3.04.00' />
  <meta name='ocr-capabilities' content='ocr_page ocr_carea ocr_par ocr_line ocrx_word'/>
</head>
<body>
  <div class='ocr_page' id='page_1' title='image "./anecdotumromanu00osangoog_0149.png"; bbox 0 0 2902 4822; ppageno 0'>
   <div class='ocr_carea' id='block_1_1' title="bbox 686 445 766 525">
    <p class='ocr_par' dir='ltr' id='par_1_1' title="bbox 686 445 766 525">
     <span class='ocr_line' id='line_1_1' title="bbox 686 445 766 525; baseline 0 0"><span class='ocrx_word' id='word_1_1' title='bbox 686 445 766 525; x_wconf 77' lang='lat'><strong>&#39;132</strong></span> 
     </span>
    </p>
   </div>
   <div class='ocr_carea' id='block_1_2' title="bbox 98 635 1289 3213">
    <p class='ocr_par' dir='ltr' id='par_1_2' title="bbox 98 635 1289 1329">
     <span class='ocr_line' id='line_1_2' title="bbox 171 635 1289 725; baseline 0.003 -20"><span class='ocrx_word' id='word_1_2' title='bbox 171 641 225 706; x_wconf 91' lang='lat' dir='ltr'><strong>hic</strong></span> <span class='ocrx_word' id='word_1_3' title='bbox 241 639 417 705; x_wconf 82' lang='lat' dir='ltr'><strong>afferuntur</strong></span> <span class='ocrx_word' id='word_1_4' title='bbox 437 656 508 702; x_wconf 90' lang='lat' dir='ltr'><strong>eum</strong></span> <span class='ocrx_word' id='word_1_5' title='bbox 532 635 618 722; x_wconf 90' lang='lat' dir='ltr'><strong>dipla</strong></span> <span class='ocrx_word' id='word_1_6' title='bbox 640 637 717 702; x_wconf 90' lang='lat' dir='ltr'><strong>nihil</strong></span> <span class='ocrx_word' id='word_1_7' title='bbox 739 657 909 702; x_wconf 88' lang='lat' dir='ltr'><strong>commune</strong></span> <span class='ocrx_word' id='word_1_8' title='bbox 930 639 1060 724; x_wconf 85' lang='lat' dir='ltr'><strong>hahent,</strong></span> <span class='ocrx_word' id='word_1_9' title='bbox 1083 649 1116 704; x_wconf 88' lang='lat' dir='ltr'><strong>et</strong></span> <span class='ocrx_word' id='word_1_10' title='bbox 1136 650 1289 725; x_wconf 82' lang='lat' dir='ltr'><strong>spectant</strong></span> 
     </span>
     <span class='ocr_line' id='line_1_3' title="bbox 170 740 1287 833; baseline 0 -24"><span class='ocrx_word' id='word_1_11' title='bbox 170 744 266 809; x_wconf 87' lang='lat' dir='ltr'><strong>unice</strong></span> <span class='ocrx_word' id='word_1_12' title='bbox 296 742 337 807; x_wconf 89' lang='lat' dir='ltr'><strong>ad</strong></span> <span class='ocrx_word' id='word_1_13' title='bbox 369 740 490 826; x_wconf 82' lang='lat' dir='ltr'><strong>Odyss.</strong></span> <span class='ocrx_word' id='word_1_14' title='bbox 519 740 603 825; x_wconf 84' lang='grc' dir='ltr'><strong>λλ,</strong></span> <span class='ocrx_word' id='word_1_15' title='bbox 641 740 697 805; x_wconf 92' lang='lat' dir='ltr'><strong>ubi</strong></span> <span class='ocrx_word' id='word_1_16' title='bbox 726 740 855 807; x_wconf 81' lang='lat' dir='ltr'>Scholia</span> <span class='ocrx_word' id='word_1_17' title='bbox 888 742 1064 807; x_wconf 86' lang='lat' dir='ltr'><strong>ostendunt</strong></span> <span class='ocrx_word' id='word_1_18' title='bbox 1095 743 1199 809; x_wconf 84' lang='lat' dir='ltr'><strong>fuisse</strong></span> <span class='ocrx_word' id='word_1_19' title='bbox 1231 747 1287 833; x_wconf 84' lang='lat' dir='ltr'><strong>qui</strong></span> 
     </span>
     <span class='ocr_line' id='line_1_4' title="bbox 169 842 1286 931; baseline 0.004 -21"><span class='ocrx_word' id='word_1_20' title='bbox 169 856 304 931; x_wconf 86' lang='lat' dir='ltr'><strong>propter</strong></span> <span class='ocrx_word' id='word_1_21' title='bbox 338 844 425 909; x_wconf 92' lang='lat' dir='ltr'><strong>huno</strong></span> <span class='ocrx_word' id='word_1_22' title='bbox 462 844 569 926; x_wconf 87' lang='lat' dir='ltr'><strong>ipsum</strong></span> <span class='ocrx_word' id='word_1_23' title='bbox 603 842 711 908; x_wconf 92' lang='lat' dir='ltr'><strong>locum</strong></span> <span class='ocrx_word' id='word_1_24' title='bbox 744 844 853 910; x_wconf 80' lang='lat' dir='ltr'><strong>Iliadis</strong></span> <span class='ocrx_word' id='word_1_25' title='bbox 890 845 1101 911; x_wconf 81' lang='lat' dir='ltr'><strong>offendissent</strong></span> <span class='ocrx_word' id='word_1_26' title='bbox 1134 858 1168 912; x_wconf 90' lang='lat' dir='ltr'><strong>et</strong></span> <span class='ocrx_word' id='word_1_27' title='bbox 1204 847 1286 914; x_wconf 70' lang='lat' dir='ltr'><strong>ttae</strong></span> 
     </span>
     <span class='ocr_line' id='line_1_5' title="bbox 157 946 1285 1035; baseline 0.003 -20"><span class='ocrx_word' id='word_1_28' title='bbox 157 950 405 1034; x_wconf 85' lang='lat' dir='ltr'><strong>discrepantiae</strong></span> <span class='ocrx_word' id='word_1_29' title='bbox 441 948 667 1031; x_wconf 77' lang='lat' dir='ltr'><strong>quaesiissent.</strong></span> <span class='ocrx_word' id='word_1_30' title='bbox 726 946 928 1014; x_wconf 87' lang='lat' dir='ltr'><strong>Zenodotum</strong></span> <span class='ocrx_word' id='word_1_31' title='bbox 961 949 1155 1035; x_wconf 84' lang='lat' dir='ltr'><strong>offendisse,</strong></span> <span class='ocrx_word' id='word_1_32' title='bbox 1190 972 1285 1019; x_wconf 84' lang='lat' dir='ltr'><strong>neure</strong></span> 
     </span>
     <span class='ocr_line' id='line_1_6' title="bbox 169 1050 1285 1134; baseline 0.001 -15"><span class='ocrx_word' id='word_1_33' title='bbox 169 1053 315 1119; x_wconf 76' lang='lat' dir='ltr'><strong>tradidit:</strong></span> <span class='ocrx_word' id='word_1_34' title='bbox 349 1053 378 1117; x_wconf 90' lang='lat' dir='ltr'><strong>si</strong></span> <span class='ocrx_word' id='word_1_35' title='bbox 406 1061 514 1116; x_wconf 87' lang='lat' dir='ltr'><strong>tamen</strong></span> <span class='ocrx_word' id='word_1_36' title='bbox 544 1050 739 1134; x_wconf 85' lang='lat' dir='ltr'><strong>offenderat,</strong></span> <span class='ocrx_word' id='word_1_37' title='bbox 777 1053 847 1116; x_wconf 85' lang='lat' dir='ltr'><strong>eius</strong></span> <span class='ocrx_word' id='word_1_38' title='bbox 880 1050 1067 1117; x_wconf 83' lang='lat' dir='ltr'><strong>offensionis</strong></span> <span class='ocrx_word' id='word_1_39' title='bbox 1098 1056 1222 1118; x_wconf 89' lang='lat' dir='ltr'><strong>notatio</strong></span> <span class='ocrx_word' id='word_1_40' title='bbox 1243 1054 1285 1120; x_wconf 84' lang='lat' dir='ltr'><strong>eh</strong></span> 
     </span>
     <span class='ocr_line' id='line_1_7' title="bbox 98 1157 1285 1241; baseline 0 -15"><span class='ocrx_word' id='word_1_41' title='bbox 98 1228 101 1233; x_wconf 78' lang='grc'><strong>,</strong></span> <span class='ocrx_word' id='word_1_42' title='bbox 168 1159 277 1226; x_wconf 78' lang='lat' dir='ltr'><strong>iliadis</strong></span> <span class='ocrx_word' id='word_1_43' title='bbox 309 1157 394 1241; x_wconf 86' lang='lat' dir='ltr'><strong>loce,</strong></span> <span class='ocrx_word' id='word_1_44' title='bbox 428 1175 523 1241; x_wconf 87' lang='lat' dir='ltr'><strong>quem</strong></span> <span class='ocrx_word' id='word_1_45' title='bbox 559 1174 655 1220; x_wconf 89' lang='lat' dir='ltr'><strong>nemo</strong></span> <span class='ocrx_word' id='word_1_46' title='bbox 690 1157 723 1220; x_wconf 92' lang='lat' dir='ltr'><strong>in</strong></span> <span class='ocrx_word' id='word_1_47' title='bbox 756 1157 975 1239; x_wconf 82' lang='lat' dir='ltr'><strong>suspicionem</strong></span> <span class='ocrx_word' id='word_1_48' title='bbox 1006 1157 1144 1241; x_wconf 84' lang='lat' dir='ltr'><strong>vocavit,</strong></span> <span class='ocrx_word' id='word_1_49' title='bbox 1179 1157 1285 1226; x_wconf 82' lang='lat' dir='ltr'><strong>alieno</strong></span> 
     </span>
     <span class='ocr_line' id='line_1_8' title="bbox 159 1246 295 1329; baseline -0.022 -1"><span class='ocrx_word' id='word_1_50' title='bbox 159 1246 295 1329; x_wconf 76' lang='lat' dir='ltr'><strong>&#39;luisset</strong></span> 
     </span>
    </p>

    <p class='ocr_par' dir='ltr' id='par_1_3' title="bbox 164 1362 1284 2065">
     <span class='ocr_line' id='line_1_9' title="bbox 256 1362 1284 1449; baseline 0.001 -18"><span class='ocrx_word' id='word_1_51' title='bbox 256 1367 429 1432; x_wconf 86' lang='lat' dir='ltr'><strong>Praeterea</strong></span> <span class='ocrx_word' id='word_1_52' title='bbox 454 1363 673 1449; x_wconf 85' lang='lat' dir='ltr'><strong>designandus</strong></span> <span class='ocrx_word' id='word_1_53' title='bbox 696 1373 747 1428; x_wconf 88' lang='lat' dir='ltr'><strong>cst</strong></span> <span class='ocrx_word' id='word_1_54' title='bbox 769 1363 798 1443; x_wconf 89' lang='grc' dir='ltr'><strong>β,</strong></span> <span class='ocrx_word' id='word_1_55' title='bbox 824 1362 895 1445; x_wconf 73' lang='lat' dir='ltr'><strong>ltu,</strong></span> <span class='ocrx_word' id='word_1_56' title='bbox 918 1364 951 1426; x_wconf 88' lang='lat' dir='ltr'><strong>in</strong></span> <span class='ocrx_word' id='word_1_57' title='bbox 974 1362 1088 1428; x_wconf 86' lang='lat' dir='ltr'><strong>codice</strong></span> <span class='ocrx_word' id='word_1_58' title='bbox 1103 1362 1185 1430; x_wconf 83' lang='lat' dir='ltr'><strong>Vcn</strong></span> <span class='ocrx_word' id='word_1_59' title='bbox 1202 1384 1284 1431; x_wconf 81' lang='lat' dir='ltr'><strong>usus</strong></span> 
     </span>
     <span class='ocr_line' id='line_1_10' title="bbox 171 1464 1283 1556; baseline -0.002 -21"><span class='ocrx_word' id='word_1_60' title='bbox 171 1470 278 1556; x_wconf 90' lang='lat' dir='ltr'><strong>diplae</strong></span> <span class='ocrx_word' id='word_1_61' title='bbox 304 1478 478 1554; x_wconf 86' lang='lat' dir='ltr'><strong>punctatae</strong></span> <span class='ocrx_word' id='word_1_62' title='bbox 505 1486 578 1531; x_wconf 91' lang='lat' dir='ltr'><strong>cum</strong></span> <span class='ocrx_word' id='word_1_63' title='bbox 607 1464 704 1529; x_wconf 91' lang='lat' dir='ltr'><strong>obelo</strong></span> <span class='ocrx_word' id='word_1_64' title='bbox 734 1465 862 1528; x_wconf 84' lang='lat' dir='ltr'><strong>iunctae</strong></span> <span class='ocrx_word' id='word_1_65' title='bbox 895 1464 999 1550; x_wconf 58' lang='grc' dir='ltr'>’ξς-η</span> <span class='ocrx_word' id='word_1_66' title='bbox 1032 1464 1089 1530; x_wconf 91' lang='lat' dir='ltr'><strong>ubi</strong></span> <span class='ocrx_word' id='word_1_67' title='bbox 1117 1468 1283 1551; x_wconf 72' lang='lat' dir='ltr'><strong>posterius</strong></span> 
     </span>
     <span class='ocr_line' id='line_1_11' title="bbox 168 1565 1283 1659; baseline -0.002 -22"><span class='ocrx_word' id='word_1_68' title='bbox 168 1575 296 1659; x_wconf 81' lang='lat' dir='ltr'><strong>signum</strong></span> <span class='ocrx_word' id='word_1_69' title='bbox 325 1591 389 1636; x_wconf 93' lang='lat' dir='ltr'><strong>non</strong></span> <span class='ocrx_word' id='word_1_70' title='bbox 418 1579 544 1653; x_wconf 88' lang='lat' dir='ltr'><strong>spectat</strong></span> <span class='ocrx_word' id='word_1_71' title='bbox 571 1568 612 1632; x_wconf 86' lang='lat' dir='ltr'><strong>ad</strong></span> <span class='ocrx_word' id='word_1_72' title='bbox 639 1565 859 1652; x_wconf 85' lang='lat' dir='ltr'><strong>Zenodotum,</strong></span> <span class='ocrx_word' id='word_1_73' title='bbox 890 1569 950 1634; x_wconf 88' lang='lat' dir='ltr'><strong>sed</strong></span> <span class='ocrx_word' id='word_1_74' title='bbox 980 1570 1021 1632; x_wconf 91' lang='lat' dir='ltr'><strong>ad</strong></span> <span class='ocrx_word' id='word_1_75' title='bbox 1048 1570 1148 1634; x_wconf 89' lang='lat' dir='ltr'><strong>crisin</strong></span> <span class='ocrx_word' id='word_1_76' title='bbox 1169 1589 1283 1635; x_wconf 80' lang='lat' dir='ltr'><strong>corum</strong></span> 
     </span>
     <span class='ocr_line' id='line_1_12' title="bbox 166 1671 1282 1763; baseline -0.001 -22"><span class='ocrx_word' id='word_1_77' title='bbox 166 1679 221 1763; x_wconf 86' lang='lat' dir='ltr'><strong>qui</strong></span> <span class='ocrx_word' id='word_1_78' title='bbox 252 1676 338 1740; x_wconf 92' lang='lat' dir='ltr'><strong>hunc</strong></span> <span class='ocrx_word' id='word_1_79' title='bbox 365 1692 496 1738; x_wconf 90' lang='lat' dir='ltr'><strong>versum</strong></span> <span class='ocrx_word' id='word_1_80' title='bbox 529 1691 603 1735; x_wconf 92' lang='lat' dir='ltr'><strong>eum</strong></span> <span class='ocrx_word' id='word_1_81' title='bbox 630 1671 899 1755; x_wconf 78' lang='lat' dir='ltr'><strong>praecedentibus</strong></span> <span class='ocrx_word' id='word_1_82' title='bbox 933 1682 1071 1756; x_wconf 88' lang='lat' dir='ltr'><strong>quatuor</strong></span> <span class='ocrx_word' id='word_1_83' title='bbox 1098 1674 1132 1738; x_wconf 91' lang='lat' dir='ltr'><strong>in</strong></span> <span class='ocrx_word' id='word_1_84' title='bbox 1161 1675 1282 1758; x_wconf 76' lang='lat' dir='ltr'><strong>spuriis</strong></span> 
     </span>
     <span class='ocr_line' id='line_1_13' title="bbox 164 1774 1283 1859; baseline 0 -15"><span class='ocrx_word' id='word_1_85' title='bbox 164 1779 316 1845; x_wconf 88' lang='lat' dir='ltr'><strong>rctuhsse</strong></span> <span class='ocrx_word' id='word_1_86' title='bbox 331 1779 363 1842; x_wconf 94' lang='lat' dir='ltr'><strong>in</strong></span> <span class='ocrx_word' id='word_1_87' title='bbox 381 1775 491 1841; x_wconf 87' lang='lat' dir='ltr'><strong>Sobel.</strong></span> <span class='ocrx_word' id='word_1_88' title='bbox 507 1774 684 1858; x_wconf 84' lang='lat' dir='ltr'><strong>traduntur,</strong></span> <span class='ocrx_word' id='word_1_89' title='bbox 699 1776 789 1859; x_wconf 86' lang='lat' dir='ltr'><strong>prius</strong></span> <span class='ocrx_word' id='word_1_90' title='bbox 803 1794 882 1840; x_wconf 83' lang='lat' dir='ltr'><strong>vero</strong></span> <span class='ocrx_word' id='word_1_91' title='bbox 899 1777 939 1840; x_wconf 92' lang='lat' dir='ltr'><strong>ad</strong></span> <span class='ocrx_word' id='word_1_92' title='bbox 951 1776 1164 1843; x_wconf 85' lang='lat' dir='ltr'><strong>Zenodotum.</strong></span> <span class='ocrx_word' id='word_1_93' title='bbox 1187 1777 1283 1844; x_wconf 78' lang='lat' dir='ltr'><strong>Eius·</strong></span> 
     </span>
     <span class='ocr_line' id='line_1_14' title="bbox 165 1878 1282 1966; baseline 0.001 -21"><span class='ocrx_word' id='word_1_94' title='bbox 165 1880 240 1946; x_wconf 90' lang='lat' dir='ltr'><strong>dem</strong></span> <span class='ocrx_word' id='word_1_95' title='bbox 268 1879 458 1965; x_wconf 82' lang='lat' dir='ltr'><strong>signationis</strong></span> <span class='ocrx_word' id='word_1_96' title='bbox 484 1888 516 1941; x_wconf 86' lang='lat' dir='ltr'><strong>et</strong></span> <span class='ocrx_word' id='word_1_97' title='bbox 543 1879 677 1941; x_wconf 88' lang='lat' dir='ltr'><strong>rationis</strong></span> <span class='ocrx_word' id='word_1_98' title='bbox 706 1878 840 1945; x_wconf 86' lang='lat' dir='ltr'><strong>alterum</strong></span> <span class='ocrx_word' id='word_1_99' title='bbox 870 1890 921 1944; x_wconf 89' lang='lat' dir='ltr'><strong>est</strong></span> <span class='ocrx_word' id='word_1_100' title='bbox 956 1882 1138 1965; x_wconf 85' lang='lat' dir='ltr'><strong>exemplum</strong></span> <span class='ocrx_word' id='word_1_101' title='bbox 1173 1880 1282 1966; x_wconf 81' lang='lat' dir='ltr'><strong>(plura</strong></span> 
     </span>
     <span class='ocr_line' id='line_1_15' title="bbox 164 1981 498 2065; baseline -0.009 -16"><span class='ocrx_word' id='word_1_102' title='bbox 164 2003 229 2050; x_wconf 91' lang='lat' dir='ltr'><strong>uon</strong></span> <span class='ocrx_word' id='word_1_103' title='bbox 252 1985 343 2065; x_wconf 78' lang='lat' dir='ltr'><strong>novi)</strong></span> <span class='ocrx_word' id='word_1_104' title='bbox 366 1984 395 2064; x_wconf 90' lang='grc' dir='ltr'><strong>λ,</strong></span> <span class='ocrx_word' id='word_1_105' title='bbox 418 1981 498 2046; x_wconf 80' lang='lat'><strong>781:</strong></span> 
     </span>
    </p>

    <p class='ocr_par' dir='ltr' id='par_1_4' title="bbox 153 2076 1281 2586">
     <span class='ocr_line' id='line_1_16' title="bbox 269 2076 1193 2168; baseline 0 -18"><span class='ocrx_word' id='word_1_106' title='bbox 269 2083 337 2168; x_wconf 82' lang='grc' dir='ltr'><strong>σφὼ</strong></span> <span class='ocrx_word' id='word_1_107' title='bbox 361 2083 395 2148; x_wconf 81' lang='grc' dir='ltr'><strong>δὲ</strong></span> <span class='ocrx_word' id='word_1_108' title='bbox 417 2079 486 2168; x_wconf 83' lang='grc' dir='ltr'><strong>μάλ’</strong></span> <span class='ocrx_word' id='word_1_109' title='bbox 510 2081 662 2168; x_wconf 76' lang='grc' dir='ltr'><strong>ἠθέλετον,</strong></span> <span class='ocrx_word' id='word_1_110' title='bbox 684 2080 729 2147; x_wconf 81' lang='grc' dir='ltr'><strong>τὼ</strong></span> <span class='ocrx_word' id='word_1_111' title='bbox 752 2076 779 2147; x_wconf 81' lang='grc' dir='ltr'><strong>δ’</strong></span> <span class='ocrx_word' id='word_1_112' title='bbox 801 2076 894 2166; x_wconf 65' lang='lat' dir='ltr'><strong>dupe&gt;</strong></span> <span class='ocrx_word' id='word_1_113' title='bbox 916 2077 1002 2149; x_wconf 74' lang='grc' dir='ltr'><strong>πόλλ’</strong></span> <span class='ocrx_word' id='word_1_114' title='bbox 1026 2080 1193 2168; x_wconf 75' lang='grc' dir='ltr'><strong>ἐπέτελλον,</strong></span> 
     </span>
     <span class='ocr_line' id='line_1_17' title="bbox 164 2184 1281 2275; baseline -0.001 -19"><span class='ocrx_word' id='word_1_115' title='bbox 164 2190 221 2256; x_wconf 90' lang='lat' dir='ltr'><strong>uhi</strong></span> <span class='ocrx_word' id='word_1_116' title='bbox 242 2200 331 2275; x_wconf 86' lang='lat' dir='ltr'><strong>patet</strong></span> <span class='ocrx_word' id='word_1_117' title='bbox 354 2188 472 2272; x_wconf 90' lang='lat' dir='ltr'><strong>diplam</strong></span> <span class='ocrx_word' id='word_1_118' title='bbox 495 2197 679 2271; x_wconf 80' lang='lat' dir='ltr'><strong>punctatum</strong></span> <span class='ocrx_word' id='word_1_119' title='bbox 701 2186 742 2250; x_wconf 91' lang='lat' dir='ltr'><strong>ad</strong></span> <span class='ocrx_word' id='word_1_120' title='bbox 755 2184 1113 2273; x_wconf 69' lang='lat' dir='ltr'><strong>Zenodotumdheldrnt</strong></span> <span class='ocrx_word' id='word_1_121' title='bbox 1134 2189 1281 2257; x_wconf 80' lang='lat' dir='ltr'><strong>scriben-</strong></span> 
     </span>
     <span class='ocr_line' id='line_1_18' title="bbox 154 2292 1279 2378; baseline 0.002 -20"><span class='ocrx_word' id='word_1_122' title='bbox 154 2303 239 2378; x_wconf 81' lang='lat' dir='ltr'><strong>tem,</strong></span> <span class='ocrx_word' id='word_1_123' title='bbox 274 2293 403 2358; x_wconf 88' lang='lat' dir='ltr'><strong>obelum</strong></span> <span class='ocrx_word' id='word_1_124' title='bbox 439 2292 480 2357; x_wconf 88' lang='lat' dir='ltr'><strong>ad</strong></span> <span class='ocrx_word' id='word_1_125' title='bbox 511 2296 619 2376; x_wconf 90' lang='lat' dir='ltr'><strong>ipsum</strong></span> <span class='ocrx_word' id='word_1_126' title='bbox 652 2310 801 2374; x_wconf 83' lang='lat' dir='ltr'><strong>versum,</strong></span> <span class='ocrx_word' id='word_1_127' title='bbox 830 2292 884 2374; x_wconf 87' lang='lat' dir='ltr'><strong>qui</strong></span> <span class='ocrx_word' id='word_1_128' title='bbox 919 2311 993 2356; x_wconf 90' lang='lat' dir='ltr'><strong>cum</strong></span> <span class='ocrx_word' id='word_1_129' title='bbox 1019 2294 1138 2358; x_wconf 87' lang='lat' dir='ltr'><strong>ceteris</strong></span> <span class='ocrx_word' id='word_1_130' title='bbox 1160 2294 1279 2360; x_wconf 82' lang='lat' dir='ltr'><strong>indeo</strong></span> 
     </span>
     <span class='ocr_line' id='line_1_19' title="bbox 153 2394 1278 2480; baseline 0.001 -19"><span class='ocrx_word' id='word_1_131' title='bbox 153 2407 214 2464; x_wconf 84' lang='lat' dir='ltr'><strong>&#39;vs</strong></span> <span class='ocrx_word' id='word_1_132' title='bbox 238 2398 303 2461; x_wconf 83' lang='grc'><strong>766</strong></span> <span class='ocrx_word' id='word_1_133' title='bbox 334 2396 563 2462; x_wconf 85' lang='lat' dir='ltr'><strong>nonnullorum</strong></span> <span class='ocrx_word' id='word_1_134' title='bbox 591 2395 722 2478; x_wconf 83' lang='lat' dir='ltr'><strong>iudicia,</strong></span> <span class='ocrx_word' id='word_1_135' title='bbox 757 2394 937 2458; x_wconf 83' lang='lat' dir='ltr'><strong>Aristarchi</strong></span> <span class='ocrx_word' id='word_1_136' title='bbox 967 2405 1055 2480; x_wconf 85' lang='lat' dir='ltr'><strong>puta,</strong></span> <span class='ocrx_word' id='word_1_137' title='bbox 1083 2395 1278 2463; x_wconf 85' lang='lat' dir='ltr'><strong>condemne-</strong></span> 
     </span>
     <span class='ocr_line' id='line_1_20' title="bbox 164 2503 515 2586; baseline -0.011 -18"><span class='ocrx_word' id='word_1_138' title='bbox 164 2513 285 2584; x_wconf 85' lang='lat' dir='ltr'><strong>rentur,</strong></span> <span class='ocrx_word' id='word_1_139' title='bbox 309 2503 515 2586; x_wconf 83' lang='lat' dir='ltr'><strong>pertinuisse.</strong></span> 
     </span>
    </p>

    <p class='ocr_par' dir='ltr' id='par_1_5' title="bbox 154 2604 1280 3213">
     <span class='ocr_line' id='line_1_21' title="bbox 236 2604 1280 2690; baseline 0.006 -21"><span class='ocrx_word' id='word_1_140' title='bbox 236 2605 522 2689; x_wconf 82' lang='lat' dir='ltr'><strong>‘Deprehenditur‚</strong></span> <span class='ocrx_word' id='word_1_141' title='bbox 545 2604 634 2688; x_wconf 88' lang='lat' dir='ltr'><strong>quod</strong></span> <span class='ocrx_word' id='word_1_142' title='bbox 656 2614 822 2688; x_wconf 87' lang='lat' dir='ltr'><strong>postremo</strong></span> <span class='ocrx_word' id='word_1_143' title='bbox 844 2605 1032 2690; x_wconf 85' lang='lat' dir='ltr'><strong>notandum,</strong></span> <span class='ocrx_word' id='word_1_144' title='bbox 1061 2608 1094 2670; x_wconf 92' lang='lat' dir='ltr'><strong>in</strong></span> <span class='ocrx_word' id='word_1_145' title='bbox 1124 2618 1280 2674; x_wconf 83' lang='lat' dir='ltr'><strong>contextu</strong></span> 
     </span>
     <span class='ocr_line' id='line_1_22' title="bbox 163 2708 1278 2792; baseline 0.005 -19"><span class='ocrx_word' id='word_1_146' title='bbox 163 2710 272 2775; x_wconf 91' lang='lat' dir='ltr'><strong>lliadis</strong></span> <span class='ocrx_word' id='word_1_147' title='bbox 284 2708 410 2773; x_wconf 86' lang='lat' dir='ltr'><strong>Veneto</strong></span> <span class='ocrx_word' id='word_1_148' title='bbox 422 2729 671 2792; x_wconf 86' lang='lat' dir='ltr'><strong>nonnumquam,</strong></span> <span class='ocrx_word' id='word_1_149' title='bbox 694 2709 773 2774; x_wconf 89' lang='lat' dir='ltr'><strong>licet</strong></span> <span class='ocrx_word' id='word_1_150' title='bbox 791 2709 906 2792; x_wconf 83' lang='lat' dir='ltr'><strong>rarius,</strong></span> <span class='ocrx_word' id='word_1_151' title='bbox 928 2711 1087 2775; x_wconf 86' lang='lat' dir='ltr'><strong>asterisco</strong></span> <span class='ocrx_word' id='word_1_152' title='bbox 1106 2712 1278 2779; x_wconf 80' lang='lat' dir='ltr'><strong>subiuncta</strong></span> 
     </span>
     <span class='ocr_line' id='line_1_23' title="bbox 165 2812 1279 2899; baseline 0.006 -20"><span class='ocrx_word' id='word_1_153' title='bbox 165 2813 251 2898; x_wconf 84' lang='lat' dir='ltr'><strong>diple</strong></span> <span class='ocrx_word' id='word_1_154' title='bbox 273 2823 436 2899; x_wconf 75' lang='lat' dir='ltr'><strong>punctam,</strong></span> <span class='ocrx_word' id='word_1_155' title='bbox 459 2814 492 2876; x_wconf 88' lang='lat' dir='ltr'><strong>in</strong></span> <span class='ocrx_word' id='word_1_156' title='bbox 515 2814 594 2895; x_wconf 88' lang='lat' dir='ltr'><strong>ipsis</strong></span> <span class='ocrx_word' id='word_1_157' title='bbox 607 2812 760 2899; x_wconf 85' lang='lat' dir='ltr'><strong>Scholiis,</strong></span> <span class='ocrx_word' id='word_1_158' title='bbox 784 2815 811 2879; x_wconf 90' lang='lat' dir='ltr'><strong>si</strong></span> <span class='ocrx_word' id='word_1_159' title='bbox 834 2824 924 2879; x_wconf 88' lang='lat' dir='ltr'><strong>recte</strong></span> <span class='ocrx_word' id='word_1_160' title='bbox 946 2816 1086 2898; x_wconf 80' lang='lat' dir='ltr'><strong>memini,</strong></span> <span class='ocrx_word' id='word_1_161' title='bbox 1109 2836 1174 2882; x_wconf 91' lang='lat' dir='ltr'><strong>uon</strong></span> <span class='ocrx_word' id='word_1_162' title='bbox 1191 2838 1279 2885; x_wconf 82' lang='lat' dir='ltr'><strong>com·</strong></span> 
     </span>
     <span class='ocr_line' id='line_1_24' title="bbox 165 2917 1277 3002; baseline 0.004 -21"><span class='ocrx_word' id='word_1_163' title='bbox 165 2928 358 2982; x_wconf 82' lang='lat' dir='ltr'><strong>memorata:</strong></span> <span class='ocrx_word' id='word_1_164' title='bbox 392 2937 475 3002; x_wconf 87' lang='lat' dir='ltr'><strong>quae</strong></span> <span class='ocrx_word' id='word_1_165' title='bbox 498 2917 645 3000; x_wconf 84' lang='lat' dir='ltr'><strong>signandi</strong></span> <span class='ocrx_word' id='word_1_166' title='bbox 668 2920 761 3001; x_wconf 87' lang='lat' dir='ltr'><strong>ratio,</strong></span> <span class='ocrx_word' id='word_1_167' title='bbox 796 2939 814 2982; x_wconf 91' lang='lat' dir='ltr'><strong>a</strong></span> <span class='ocrx_word' id='word_1_168' title='bbox 839 2920 1073 2984; x_wconf 86' lang='lat' dir='ltr'><strong>consuetudine</strong></span> <span class='ocrx_word' id='word_1_169' title='bbox 1098 2922 1277 2988; x_wconf 80' lang='lat' dir='ltr'><strong>Aristarchi</strong></span> 
     </span>
     <span class='ocr_line' id='line_1_25' title="bbox 166 3015 1277 3109; baseline 0.005 -25"><span class='ocrx_word' id='word_1_170' title='bbox 166 3021 279 3104; x_wconf 85' lang='lat' dir='ltr'><strong>aliena,</strong></span> <span class='ocrx_word' id='word_1_171' title='bbox 312 3039 373 3104; x_wconf 88' lang='lat' dir='ltr'><strong>qua</strong></span> <span class='ocrx_word' id='word_1_172' title='bbox 396 3015 536 3102; x_wconf 71' lang='grc' dir='ltr'><strong>ἀθέτησις</strong></span> <span class='ocrx_word' id='word_1_173' title='bbox 557 3020 737 3086; x_wconf 88' lang='lat' dir='ltr'><strong>Zenodotia</strong></span> <span class='ocrx_word' id='word_1_174' title='bbox 759 3024 928 3107; x_wconf 84' lang='lat' dir='ltr'><strong>indicatur,</strong></span> <span class='ocrx_word' id='word_1_175' title='bbox 952 3023 1048 3088; x_wconf 87' lang='lat' dir='ltr'><strong>dehet</strong></span> <span class='ocrx_word' id='word_1_176' title='bbox 1076 3044 1094 3089; x_wconf 90' lang='lat' dir='ltr'><strong>a</strong></span> <span class='ocrx_word' id='word_1_177' title='bbox 1117 3027 1277 3109; x_wconf 83' lang='lat' dir='ltr'><strong>posterio-</strong></span> 
     </span>
     <span class='ocr_line' id='line_1_26' title="bbox 154 3124 1276 3213; baseline 0.004 -25"><span class='ocrx_word' id='word_1_178' title='bbox 154 3124 257 3189; x_wconf 81' lang='lat' dir='ltr'><strong>ribus</strong></span> <span class='ocrx_word' id='word_1_179' title='bbox 280 3124 426 3207; x_wconf 79' lang='lat' dir='ltr'><strong>prot‘ecta</strong></span> <span class='ocrx_word' id='word_1_180' title='bbox 455 3127 577 3208; x_wconf 85' lang='lat' dir='ltr'><strong>putari,</strong></span> <span class='ocrx_word' id='word_1_181' title='bbox 613 3146 806 3210; x_wconf 88' lang='lat' dir='ltr'><strong>quamquam</strong></span> <span class='ocrx_word' id='word_1_182' title='bbox 829 3128 899 3191; x_wconf 87' lang='lat' dir='ltr'><strong>eius</strong></span> <span class='ocrx_word' id='word_1_183' title='bbox 923 3126 1007 3191; x_wconf 92' lang='lat' dir='ltr'><strong>nulla</strong></span> <span class='ocrx_word' id='word_1_184' title='bbox 1030 3127 1117 3210; x_wconf 88' lang='lat' dir='ltr'><strong>apud</strong></span> <span class='ocrx_word' id='word_1_185' title='bbox 1139 3128 1276 3213; x_wconf 86' lang='lat' dir='ltr'><strong>scripto·</strong></span> 
     </span>
    </p>
   </div>
   <div class='ocr_carea' id='block_1_3' title="bbox 165 3228 1276 3397">
    <p class='ocr_par' dir='ltr' id='par_1_6' title="bbox 165 3228 1276 3397">
     <span class='ocr_line' id='line_1_27' title="bbox 167 3228 1276 3316; baseline 0.003 -24"><span class='ocrx_word' id='word_1_186' title='bbox 167 3248 222 3293; x_wconf 83' lang='lat' dir='ltr'><strong>res</strong></span> <span class='ocrx_word' id='word_1_187' title='bbox 251 3230 372 3293; x_wconf 88' lang='lat' dir='ltr'><strong>mentio</strong></span> <span class='ocrx_word' id='word_1_188' title='bbox 404 3230 447 3292; x_wconf 86' lang='lat' dir='ltr'><strong>fit.</strong></span> <span class='ocrx_word' id='word_1_189' title='bbox 494 3228 641 3314; x_wconf 84' lang='lat' dir='ltr'><strong>Exempli</strong></span> <span class='ocrx_word' id='word_1_190' title='bbox 671 3231 744 3296; x_wconf 92' lang='lat' dir='ltr'><strong>leco</strong></span> <span class='ocrx_word' id='word_1_191' title='bbox 775 3231 874 3296; x_wconf 84' lang='lat' dir='ltr'><strong>affero</strong></span> <span class='ocrx_word' id='word_1_192' title='bbox 904 3254 934 3314; x_wconf 93' lang='grc' dir='ltr'><strong>α,</strong></span> <span class='ocrx_word' id='word_1_193' title='bbox 963 3234 1026 3296; x_wconf 78' lang='lat'><strong>208</strong></span> <span class='ocrx_word' id='word_1_194' title='bbox 1056 3242 1089 3296; x_wconf 88' lang='lat' dir='ltr'><strong>et</strong></span> <span class='ocrx_word' id='word_1_195' title='bbox 1116 3233 1192 3316; x_wconf 69' lang='lat'><strong>209,</strong></span> <span class='ocrx_word' id='word_1_196' title='bbox 1221 3228 1276 3296; x_wconf 84' lang='lat' dir='ltr'><strong>uhi</strong></span> 
     </span>
     <span class='ocr_line' id='line_1_28' title="bbox 165 3330 360 3397; baseline 0 -1"><span class='ocrx_word' id='word_1_197' title='bbox 165 3350 197 3396; x_wconf 89' lang='lat' dir='ltr'><strong>v.</strong></span> <span class='ocrx_word' id='word_1_198' title='bbox 220 3330 360 3397; x_wconf 86' lang='lat' dir='ltr'><strong>Scholia.</strong></span> 
     </span>
    </p>
   </div>
   <div class='ocr_carea' id='block_1_4' title="bbox 465 3472 976 3694">
    <p class='ocr_par' dir='ltr' id='par_1_7' title="bbox 465 3472 976 3694">
     <span class='ocr_line' id='line_1_29' title="bbox 669 3472 771 3545; baseline 0.059 -11"><span class='ocrx_word' id='word_1_199' title='bbox 669 3478 696 3545; x_wconf 75' lang='lat' dir='ltr'><strong>s.</strong></span> <span class='ocrx_word' id='word_1_200' title='bbox 718 3472 771 3541; x_wconf 86' lang='grc'><strong>36.</strong></span> 
     </span>
     <span class='ocr_line' id='line_1_30' title="bbox 465 3613 976 3694; baseline 0.004 -22"><span class='ocrx_word' id='word_1_201' title='bbox 465 3616 514 3672; x_wconf 89' lang='lat' dir='ltr'><strong>lle</strong></span> <span class='ocrx_word' id='word_1_202' title='bbox 550 3615 659 3673; x_wconf 86' lang='lat' dir='ltr'><strong>obelo</strong></span> <span class='ocrx_word' id='word_1_203' title='bbox 693 3615 914 3674; x_wconf 84' lang='lat' dir='ltr'><strong>Aristarchi</strong></span> <span class='ocrx_word' id='word_1_204' title='bbox 940 3613 976 3694; x_wconf 81' lang='lat'><strong>¹).</strong></span> 
     </span>
    </p>
   </div>
   <div class='ocr_carea' id='block_1_5' title="bbox 164 3742 1276 4038">
    <p class='ocr_par' dir='ltr' id='par_1_8' title="bbox 164 3742 1276 4038">
     <span class='ocr_line' id='line_1_31' title="bbox 247 3742 1276 3834; baseline 0.007 -26"><span class='ocrx_word' id='word_1_205' title='bbox 247 3745 451 3811; x_wconf 83' lang='lat' dir='ltr'><strong>Anecdotum</strong></span> <span class='ocrx_word' id='word_1_206' title='bbox 459 3745 654 3811; x_wconf 89' lang='lat' dir='ltr'><strong>Romanum:</strong></span> <span class='ocrx_word' id='word_1_207' title='bbox 672 3755 718 3833; x_wconf 70' lang='grc' dir='ltr'><strong>τῷ</strong></span> <span class='ocrx_word' id='word_1_208' title='bbox 726 3743 826 3834; x_wconf 75' lang='grc' dir='ltr'><strong>ὀβελῷ</strong></span> <span class='ocrx_word' id='word_1_209' title='bbox 840 3742 970 3834; x_wconf 70' lang='grc' dir='ltr'>[χρῆταί</span> <span class='ocrx_word' id='word_1_210' title='bbox 983 3745 1188 3833; x_wconf 80' lang='grc' dir='ltr'><strong>Αρίσταρχος]</strong></span> <span class='ocrx_word' id='word_1_211' title='bbox 1200 3745 1276 3834; x_wconf 72' lang='grc' dir='ltr'><strong>πρὸς</strong></span> 
     </span>
     <span class='ocr_line' id='line_1_32' title="bbox 167 3843 1275 3936; baseline 0.001 -22"><span class='ocrx_word' id='word_1_212' title='bbox 167 3843 320 3932; x_wconf 71' lang='grc' dir='ltr'><strong>ἀθέτησιν,</strong></span> <span class='ocrx_word' id='word_1_213' title='bbox 347 3848 538 3932; x_wconf 87' lang='lat' dir='ltr'><strong>quibuscum</strong></span> <span class='ocrx_word' id='word_1_214' title='bbox 565 3868 701 3932; x_wconf 84' lang='lat' dir='ltr'><strong>prorsus</strong></span> <span class='ocrx_word' id='word_1_215' title='bbox 728 3854 934 3916; x_wconf 88' lang='lat' dir='ltr'><strong>consentiunt</strong></span> <span class='ocrx_word' id='word_1_216' title='bbox 964 3861 1116 3917; x_wconf 86' lang='lat' dir='ltr'><strong>notarum</strong></span> <span class='ocrx_word' id='word_1_217' title='bbox 1137 3852 1275 3936; x_wconf 89' lang='lat' dir='ltr'><strong>scripto·</strong></span> 
     </span>
     <span class='ocr_line' id='line_1_33' title="bbox 164 3951 1273 4038; baseline 0.003 -22"><span class='ocrx_word' id='word_1_218' title='bbox 164 3972 219 4016; x_wconf 86' lang='lat' dir='ltr'><strong>ree</strong></span> <span class='ocrx_word' id='word_1_219' title='bbox 242 3953 353 4035; x_wconf 87' lang='lat' dir='ltr'><strong>ceteri,</strong></span> <span class='ocrx_word' id='word_1_220' title='bbox 379 3971 444 4017; x_wconf 92' lang='lat' dir='ltr'><strong>une</strong></span> <span class='ocrx_word' id='word_1_221' title='bbox 474 3963 611 4035; x_wconf 87' lang='lat' dir='ltr'><strong>excepte</strong></span> <span class='ocrx_word' id='word_1_222' title='bbox 634 3951 760 4017; x_wconf 87' lang='lat' dir='ltr'><strong>lsidero</strong></span> <span class='ocrx_word' id='word_1_223' title='bbox 788 3974 861 4020; x_wconf 85' lang='lat' dir='ltr'><strong>curn</strong></span> <span class='ocrx_word' id='word_1_224' title='bbox 890 3956 1062 4020; x_wconf 86' lang='lat' dir='ltr'><strong>Aneedoto</strong></span> <span class='ocrx_word' id='word_1_225' title='bbox 1086 3953 1273 4038; x_wconf 79' lang='lat' dir='ltr'><strong>Parisiemi,</strong></span> 
     </span>
    </p>
   </div>
   <div class='ocr_carea' id='block_1_6' title="bbox 146 4186 1274 4348">
    <p class='ocr_par' dir='ltr' id='par_1_9' title="bbox 146 4186 1274 4348">
     <span class='ocr_line' id='line_1_34' title="bbox 217 4186 1274 4329; baseline 0.005 -87"><span class='ocrx_word' id='word_1_226' title='bbox 217 4191 247 4253; x_wconf 88' lang='lat' dir='ltr'><strong>l)</strong></span> <span class='ocrx_word' id='word_1_227' title='bbox 265 4186 376 4328; x_wconf 56' lang='lat' dir='ltr'><strong>Villo&#39;ris.</strong></span> <span class='ocrx_word' id='word_1_228' title='bbox 388 4186 501 4329; x_wconf 83' lang='lat' dir='ltr'><strong>¹l&#39;rclcg.</strong></span> <span class='ocrx_word' id='word_1_229' title='bbox 518 4207 544 4262; x_wconf 85' lang='lat' dir='ltr'><strong>p.</strong></span> <span class='ocrx_word' id='word_1_230' title='bbox 562 4186 649 4244; x_wconf 87' lang='lat' dir='ltr'><strong>xvu.</strong></span> <span class='ocrx_word' id='word_1_231' title='bbox 685 4186 844 4243; x_wconf 81' lang='lat' dir='ltr'><strong>Griscuhau</strong></span> <span class='ocrx_word' id='word_1_232' title='bbox 869 4188 975 4249; x_wconf 83' lang='lat' dir='ltr'><strong>Geseh.</strong></span> <span class='ocrx_word' id='word_1_233' title='bbox 999 4189 1025 4244; x_wconf 87' lang='lat' dir='ltr'><strong>d.</strong></span> <span class='ocrx_word' id='word_1_234' title='bbox 1047 4187 1134 4249; x_wconf 71' lang='lat' dir='ltr'><strong>llus.</strong></span> <span class='ocrx_word' id='word_1_235' title='bbox 1153 4188 1274 4248; x_wconf 77' lang='lat' dir='ltr'><strong>Philolo-</strong></span> 
     </span>
     <span class='ocr_line' id='line_1_35' title="bbox 146 4274 516 4348; baseline -0.003 -19"><span class='ocrx_word' id='word_1_236' title='bbox 146 4288 149 4295; x_wconf 92' lang='grc'><em>·</em></span> <span class='ocrx_word' id='word_1_237' title='bbox 262 4275 307 4345; x_wconf 73' lang='lat' dir='ltr'><strong>gie</strong></span> <span class='ocrx_word' id='word_1_238' title='bbox 349 4274 455 4348; x_wconf 81' lang='lat' dir='ltr'><strong>.l.p.</strong></span> <span class='ocrx_word' id='word_1_239' title='bbox 473 4277 516 4330; x_wconf 79' lang='lat' dir='ltr'><strong>tt.</strong></span> 
     </span>
    </p>
   </div>
   <div class='ocr_carea' id='block_1_7' title="bbox 0 0 1456 4822">
    <p class='ocr_par' dir='ltr' id='par_1_10' title="bbox 0 0 1456 4822">
     <span class='ocr_line' id='line_1_36' title="bbox 0 0 1456 4822; baseline 0 3"><span class='ocrx_word' id='word_1_240' title='bbox 0 0 1456 4822; x_wconf 95' lang='lat' dir='ltr'><strong> </strong></span> 
     </span>
    </p>
   </div>
  </div>
 </body>
</html>
