2902 4822
701 423 752 499 85

164 618 204 682 V.
226 617 401 704 Hephaest.
423 640 455 702 p.
479 619 552 683 134.
597 615 688 683 Haeo
709 618 739 682 si
761 617 803 681 de
824 636 889 680 usu
909 615 1044 679 notandi
1065 637 1125 683 sua
1148 620 1277 706 quidem
1356 632 1359 637 '

163 725 267 808 ipsius
290 733 394 788 aetate
416 733 549 805 recepto
571 721 771 807 Hephaestio
793 722 922 786 tradere
943 721 1085 804 videtur,
1109 732 1215 790 tamen
1237 745 1280 791 ex

164 831 235 895 eius
258 829 404 893 tradendi
432 829 558 891 ratione
579 829 650 911 ipsa
674 847 733 910 per
755 836 858 891 totum
881 835 979 909 caput
1005 837 1132 892 servata
1156 828 1280 917 colligi·

164 943 234 1014 tur,
269 952 343 996 eum
365 950 489 995 morem
512 949 576 993 non
598 931 701 1014 ipsius
723 940 829 995 aetate
857 930 1022 993 inventum
1050 951 1142 1015 esse,
1178 934 1280 999 seda

163 1035 340 1100 maioribus
372 1044 542 1119 acceptum
571 1053 699 1119 usuque
732 1042 899 1116 receptum
937 1021 1144 1115 perdurasse.
1199 1034 1279 1102 Eius
1392 1029 1393 1032 '

163 1137 227 1202 iam
249 1137 464 1202 adnotationis
487 1138 635 1221 exempla
657 1138 824 1201 innumera
845 1138 878 1201 in
890 1135 1031 1202 Scholiis
1049 1137 1279 1223 Aristophanis

163 1250 294 1333 servata
316 1249 402 1323 sunt,
425 1260 509 1326 qpae
531 1261 632 1325 quum
655 1242 751 1304 etiam
774 1242 966 1306 asteriscum
989 1243 1127 1326 ignoret,
1152 1263 1192 1309 eo
1208 1264 1280 1310 cer·

163 1346 232 1408 tius
253 1364 295 1408 ex
317 1345 548 1429 antiquissimis
577 1344 860 1430 grammaticorum
891 1344 1109 1411 voluminibus
1131 1348 1280 1414 sublecta

124 1507 128 1514 .
164 1447 268 1512 videri
290 1448 396 1512 dehet.
441 1448 580 1512 immista
605 1448 735 1532 quidem
757 1467 795 1511 ea
827 1447 974 1530 exempla
1004 1448 1195 1535 pierumque
1224 1450 1281 1516 td-

165 1553 319 1617 notationi
342 1554 503 1636 metricae,
527 1574 610 1639 quae
633 1572 732 1635 saepe
754 1550 808 1615 vel
828 1553 1071 1616 recentissimae
1090 1556 1205 1621 aetatis
1219 1565 1281 1639 ost,

164 1652 265 1716 veluti
291 1654 325 1716 in
350 1651 507 1737 Scholiis,
544 1673 628 1737 quae
659 1652 802 1717 Thomas
829 1653 978 1739 Magistri
1009 1665 1100 1738 sunt,
1133 1676 1164 1722 v.
1187 1675 1216 1723 c.
1238 1656 1281 1722 ad

164 1757 250 1822 Plut.
272 1759 356 1843 init,
398 1758 457 1823 sed
490 1758 611 1823 dehent
646 1779 687 1823 ex
720 1758 925 1842 antiquorum
955 1761 1194 1826 commentariis
1226 1759 1281 1826 vel

165 1884 239 1929 eam
261 1864 304 1928 oh
326 1885 458 1930 causam
488 1874 688 1949 transumpta
722 1864 840 1948 putari,
872 1863 960 1949 quod
995 1862 1138 1946 Thomas
1160 1865 1281 1931 doctri·

165 1987 240 2031 nam
270 1967 424 2050 eruditio,
457 1988 553 2052 quam
584 1987 814 2052 nonnunquam
847 1988 927 2051 prae
960 1989 997 2033 se
1027 1969 1152 2051 terunt,
1182 1968 1281 2054 longe

166 2080 309 2155 superat.
351 2070 467 2156 Neque
490 2074 544 2156 qui
567 2071 781 2136 Scholiastam
814 2073 1007 2135 anctoritate
1029 2070 1280 2155 Hephaestionis

97 2164 106 2173 ⁶
165 2177 287 2262 passim
319 2177 425 2239 nisum
458 2177 727 2259 animadverterit,
762 2177 790 2239 si
824 2174 952 2259 quidem
987 2175 1062 2239 inde
1094 2175 1279 2259 concludat,

165 2280 252 2343 huno
284 2281 449 2343 ametrini
481 2279 567 2343 iilius
604 2280 749 2344 doctrina
780 2279 960 2362 profectum
989 2279 1118 2364 singulo
1151 2296 1280 2363 quoque

166 2378 347 2445 fabularum
376 2379 450 2445 loco
473 2382 579 2464 ipsum
613 2401 651 2445 ea
674 2382 780 2444 omnia
799 2382 1019 2465 *excogitasse
1054 2401 1138 2467 quae
1160 2380 1203 2445 ad
1225 2399 1282 2445 cu-

166 2487 283 2570 iusque
304 2484 368 2550 loci
391 2487 546 2551 rationem
571 2489 736 2552 metricam
758 2485 932 2551 notandam
962 2487 1172 2570 pertinerent,
1205 2504 1281 2551 eum

166 2610 280 2655 verum
303 2589 424 2656 dixisse
447 2592 650 2676 crediderim,
674 2603 741 2657 tum
765 2592 853 2678 quod
875 2593 907 2654 in
929 2593 969 2656 iis
991 2590 1091 2656 multa
1114 2591 1283 2677 reperiun·
1351 2589 1355 2598 '

166 2701 229 2775 tur,
254 2713 336 2777 quae
360 2694 400 2757 ah
424 2693 663 2777 Hephaestione
687 2696 770 2760 sumi
793 2716 858 2760 non
879 2705 1066 2779 potuerunt,
1099 2705 1168 2759 tum
1190 2693 1280 2780 quod

165 2796 237 2880 ipse
259 2807 373 2862 auctor
394 2800 427 2862 in
450 2799 625 2863 ordinanda
648 2811 766 2884 poetae
789 2801 933 2864 oratione
956 2801 1055 2864 variis
1077 2798 1220 2864 tontibus
1243 2819 1281 2864 se

166 2919 261 2965 usum
282 2901 461 2986 profitetur,
485 2903 525 2966 ad
548 2903 633 2968 Plut.
656 2906 731 2987 802,
768 2904 824 2968 uhi
846 2914 998 2988 receptae
1020 2924 1040 2968 a
1061 2923 1099 2968 se
1120 2902 1282 2969 membro·

165 3022 236 3066 rum
270 3002 419 3069 divisioni
456 3006 638 3071 exadverso
672 3007 745 3088 alia,
780 3028 864 3093 qnae
894 3017 1024 3091 reperta
1055 3016 1144 3070 esset
1166 3000 1280 3080 ἐντοῖς

165 3111 301 3183 παλαιοῖς
322 3118 380 3175 τῶν
403 3106 598 3195 ἀντιγράφων,
621 3114 762 3196 ponitur.
805 3112 920 3199 Neque
942 3113 1091 3196 denique,
1123 3111 1152 3174 si
1181 3098 1279 3176 modo

164 3215 355 3280 intestibus
378 3216 552 3281 tractandis
575 3217 684 3300 paullo
706 3217 840 3283 liberius
870 3237 968 3303 agere
990 3216 1095 3298 datur,
1130 3213 1209 3279 latet
1238 3234 1280 3279 ex

166 3336 231 3402 quo
264 3319 416 3383 metricae
455 3319 670 3384 adnotationis
710 3341 787 3404 pars
829 3331 918 3385 certe
950 3321 1057 3406 aliqua
1097 3318 1194 3382 ducta
1226 3319 1281 3402 sit,

166 3426 250 3506 fons,
273 3428 432 3512 siquidem
456 3448 520 3492 nno
544 3427 650 3492 saltim
672 3426 746 3492 loco
770 3426 811 3491 de
834 3447 874 3492 eo
897 3435 1025 3493 constat
1057 3423 1111 3509 qui
1140 3431 1278 3486 metrum

164 3533 197 3597 in
219 3551 279 3598 sua
301 3533 444 3597 membra
467 3532 671 3616 disposuerit.
717 3531 845 3598 Etenim
868 3533 909 3599 ad
931 3530 1111 3618 hymenaei,
1135 3525 1223 3612 quod
1242 3525 1278 3590 in

164 3635 250 3700 Pace
273 3637 335 3700 suh
358 3637 453 3701 finem
475 3636 603 3722 legitur,
626 3655 758 3700 versum
782 3636 867 3700 1329
889 3643 996 3700 exstat
1017 3634 1050 3696 in
1063 3628 1136 3696 ood.
1150 3627 1277 3693 Veneto

165 3740 311 3804 scholion
333 3740 546 3824 adscriptum:
582 3738 655 3824 ὑμὴν
678 3734 784 3824 ὑγιέναῖ
809 3735 850 3825 ὦ]
875 3736 971 3813 οὕτως
990 3730 1196 3818 Ἡλιόδωρος·
1221 3756 1277 3798 xe·

164 3839 315 3908 κόλλισται
335 3842 412 3930 πρὸς
440 3841 478 3910 τὰ
496 3841 696 3930 ζΗλιοδώρου·
730 3841 970 3930 παραγέγραπται
1001 3835 1036 3904 ἐκ
1066 3838 1194 3904 Φαεινοό
1226 3834 1277 3902 καὶ

164 3942 336 4031 Σαρμάχου,
363 3949 388 4027 ¹)
421 3948 477 4012 uhi
510 3949 538 4013 si
574 3945 793 4013 Schneiderus
827 3945 952 4012 Comm.
987 3943 1029 4008 de
1063 3952 1210 4008 veterum
1243 3943 1277 4006 in

218 4171 247 4236 1)
264 4165 418 4224 Verborum
437 4176 619 4225 extremorum
636 4167 708 4223 hnnd
732 4168 791 4223 scio
816 4183 851 4222 an
869 4167 924 4222 alia
937 4168 981 4223 vis
998 4182 1061 4224 esse
1085 4165 1174 4237 possit
1193 4178 1274 4236 quam

268 4262 299 4309 ut
316 4253 469 4320 adnotetur,
495 4272 568 4329 quae
593 4255 627 4312 de
650 4253 795 4310 Heliodori
818 4255 924 4310 ratione
951 4258 1145 4316 memorentur,
1173 4267 1206 4306 en
1224 4248 1274 4303 ad-
