2902 4822
694 358 746 493 ro

165 625 315 680 caussam
342 610 392 672 bis
422 607 613 675 subiiciens:
642 610 662 695 ἡ
692 607 749 694 γὰρ
779 611 906 694 βραχεῖα
934 604 1045 674 διὰτὸ
1073 605 1183 697 ἀτελὴς
1202 607 1279 678 abac
1328 642 1337 655 ¹

163 718 242 776 cocci
262 707 405 793 κολοβόν·
428 708 506 778 ἀλλὰ
529 715 580 780 cer
595 719 631 801 τῇ
648 720 759 800 μακρα·
781 709 1006 778 ἀποκόπτεσθαι
1026 710 1077 779 καὶ
1093 713 1187 800 δήλην
1203 711 1280 783 eluat

163 810 214 895 τὴν
249 812 394 898 τελευτήν,
432 814 472 898 μὴ
508 810 557 879 διὰ
586 813 637 879 τὸν
659 810 787 900 γραφέα,
816 811 893 897 μηδὲ
923 811 972 879 διὰ
997 813 1049 899 τὴν
1071 816 1280 902 napa-{papiu
1320 884 1323 889 ,

164 911 244 981 ἀλλὰ
277 914 326 982 διὰ
354 916 405 983 τὸν
437 913 558 1003 p‘dbpcu.
602 918 727 1002 Nempe
759 929 794 981 ut
824 917 970 982 clausula
1004 919 1201 1004 designetur,
1235 921 1281 985 ait

164 1036 229 1081 non
252 1019 405 1085 sufficere
428 1022 511 1086 hanc
534 1044 550 1085 a
575 1024 681 1087 scriba
705 1020 759 1086 vel
781 1019 889 1085 notula
913 1019 1020 1105 aliqua
1042 1021 1187 1104 indicari,
1209 1022 1281 1088 sed

165 1130 341 1186 extremam
364 1125 521 1209 syllabam
544 1125 674 1212 longam
694 1127 814 1190 exitum
838 1143 899 1188 suo
924 1125 1025 1206 ipsius
1046 1125 1193 1208 pondere
1214 1127 1280 1212 sig·

164 1225 296 1290 nificare
318 1227 447 1292 debere.
493 1231 588 1312 Quod
610 1240 820 1314 praeceptum
842 1227 1060 1293 illustraturus
1082 1228 1280 1296 Aristoteles

165 1327 313 1410 exempla
334 1332 486 1396 nonnulla
512 1334 681 1416 utriusque
702 1332 836 1396 rationis
859 1331 1021 1413 apposuit,
1044 1332 1157 1396 nascio
1180 1332 1279 1415 unde,

165 1449 207 1493 ex
231 1430 442 1517 dithyrambis
465 1438 591 1521 opinor,
615 1437 755 1517 adscita,
783 1434 811 1512 ²)
847 1450 983 1515 quorum
1006 1433 1201 1501 admodum
1222 1454 1280 1501 nu·

165 1536 245 1599 meri
267 1538 423 1602 orationis
459 1538 622 1623 pedestris
654 1536 875 1605 conformandi
899 1547 1019 1601 essent.
1057 1536 1196 1604 lstorum
1218 1539 1280 1605 iam

166 1640 323 1703 rationem
346 1644 512 1708 metricam
535 1666 633 1728 quum
655 1641 850 1708 Aristoteles
874 1640 959 1704 dicat
987 1642 1031 1705 ita
1062 1652 1282 1726 comparatam

167 1738 279 1821 luisse,
314 1750 350 1804 ut
372 1762 502 1808 carmen
524 1744 629 1808 claudi
653 1765 694 1809 ex
714 1745 788 1826 ipso
811 1751 974 1807 extremae
996 1741 1142 1826 syllabae
1162 1742 1282 1830 longae

166 1852 394 1927 cognoscatur,
426 1846 478 1910 vel
506 1846 591 1911 nulla
621 1849 767 1932 apposita
791 1847 863 1911 finis
887 1856 975 1930 nota,
1008 1849 1155 1931 sequitur
1175 1849 1207 1913 iu
1230 1847 1281 1915 bis

165 2004 454 2022 “—-·——t—-.-

270 2100 404 2158 paeonum
428 2105 501 2143 nunc
525 2095 651 2154 utuntur‚'
680 2087 755 2140 nullo
781 2083 938 2138 discrimine
967 2082 1096 2156 principii
1121 2092 1148 2138 et
1173 2084 1281 2139 clausu·

269 2172 313 2226 lae
340 2173 449 2239 habito,
488 2183 515 2228 et
537 2192 642 2245 paeone
668 2174 778 2245 quidem
801 2188 850 2235 eo,
877 2171 922 2240 qui
949 2171 977 2223 in
1004 2170 1113 2240 longam
1132 2171 1281 2237 desineret,

274 2260 354 2312 etiam
384 2261 470 2328 initio,
496 2277 577 2332 quum
604 2262 667 2316 olim
693 2263 720 2313 in
747 2256 870 2312 clausula
889 2256 923 2310 de
942 2273 1016 2310 more
1040 2256 1174 2313 laudabili
1190 2257 1282 2313 locum

269 2343 435 2401 obtinuisset

218 2449 250 2508 2)
269 2445 400 2517 Principii
420 2445 574 2516 exemplum
593 2445 645 2499 boc
664 2445 792 2498 offertur:

372 2532 505 2605 Δαλαχενὲς
523 2532 571 2584 εἴτε
589 2531 695 2599 Λυκίαν,

269 2618 317 2672 ubi
336 2636 370 2673 ex
394 2633 425 2671 re
449 2621 502 2670 crit
529 2617 674 2682 adnotare,
700 2623 728 2670 in
753 2618 850 2673 codice
874 2618 1006 2689 quodam
1035 2620 1115 2673 cuius
1138 2621 1281 2677 variantes

271 2721 357 2776 penes
376 2721 419 2757 me
437 2696 508 2768 sunt,
526 2703 598 2755 Λύκιε
618 2701 750 2769 exbiberi,
768 2703 839 2773 quod
858 2721 938 2758 nemo
961 2720 1015 2757 non
1034 2704 1109 2758 videt
1127 2704 1282 2760 sententiae

273 2793 386 2861 egregio
405 2792 564 2855 convenire,
584 2792 664 2844 cuius
683 2792 726 2843 vis
745 2806 858 2860 prorsus
877 2792 976 2845 similis
994 2799 1037 2845 est
1054 2791 1205 2846 Horatiano
1223 2791 1282 2847 sicr

269 2880 303 2930 tu
326 2876 415 2930 mavis
441 2874 571 2948 Erycina
597 2874 699 2929 vocari.
737 2866 843 2927 Etenim
870 2874 942 2928 bano
966 2877 1089 2930 tenuisse
1116 2884 1228 2930 veteres
1252 2874 1282 2929 in

271 2959 432 3013 invocandis
452 2959 506 3012 diis
524 2960 696 3030 religionem,
714 2965 744 3011 ut
761 2967 833 3013 metu
853 2964 955 3015 erroris
974 2977 1026 3032 quo
1041 2963 1158 3032 quisquc
1173 2961 1281 3015 nornine

271 3045 323 3097 rite
342 3042 524 3114 appellandus
545 3049 629 3108 essct,
647 3049 694 3096 aut
712 3044 821 3098 nomina
839 3045 1009 3100 cumularent
1027 3051 1074 3098 aut
1089 3044 1183 3115 aliquo
1201 3041 1281 3096 modo

270 3131 447 3198 ignorantiam
473 3131 525 3199 ipsi
552 3127 675 3182 confessi
698 3128 751 3182 diis
771 3130 840 3202 ipsis
865 3132 1062 3203 relinquerent,
1091 3146 1145 3201 quo
1167 3129 1281 3202 potissi·

273 3232 344 3268 mum
364 3216 473 3269 nomine
492 3215 604 3268 mallent
621 3215 769 3287 appellari:
788 3217 860 3271 uude
881 3216 982 3273 sactum
1000 3224 1028 3270 ut
1046 3216 1101 3270 tale
1113 3214 1178 3288 quid
1196 3215 1281 3288 quale

270 3304 331 3361 ὅστις
348 3301 396 3356 ἐστὶ
414 3302 460 3356 vel
480 3300 529 3355 ιῖτν
547 3302 713 3356 invocationi
733 3304 896 3358 insererent.
927 3302 961 3359 V.
982 3301 1069 3357 Stanl.
1097 3300 1133 3373 ad
1161 3297 1283 3370 Accbyli

271 3389 368 3459 Agam.
398 3393 453 3445 163.
490 3390 593 3461 Spanb.
618 3390 652 3443 ad
678 3390 784 3443 Gallim.
804 3388 840 3442 ΙΙ.
866 3392 894 3443 in
912 3388 992 3445 Dian.
1020 3398 1048 3446 7.
1083 3386 1152 3441 Rost
1177 3385 1283 3458 Cnpcd.

270 3476 420 3531 Plautinor.
429 3477 507 3532 Fore.
521 3477 578 3533 Vll.
593 3495 621 3548 p.
630 3476 703 3530 XVl.
718 3478 784 3531 Plat.
799 3477 899 3549 Cratyl.
915 3495 942 3546 p.
955 3477 1013 3527 400.
1024 3474 1071 3528 E.:
1090 3473 1171 3549 ὧσπιρ
1185 3472 1211 3527 ἐν
1223 3479 1280 3533 ταῖς

271 3563 356 3638 εὐχαῖς
372 3564 444 3637 νόμας
467 3564 527 3620 ἐστιν
545 3564 603 3638 ἡμῖν
621 3563 744 3645 εὔχεσθαι,
762 3564 844 3625 αἵτινές
872 3564 955 3618 τεκαὶ
973 3562 1062 3617 dubles
1080 3565 1204 3637 χαίρουσιν
1223 3561 1281 3617 btt-

272 3649 401 3726 ραζὸμεναι
425 3651 459 3721 (αἱ
482 3651 558 3720 dcci).
593 3653 708 3706 Phaedr.
730 3655 791 3704 130:
816 3649 857 3703 καὶ
883 3649 972 3705 ὁπόθαν
997 3647 1078 3724 χαίρει
1096 3643 1280 3721 ὀναμαζὸμινας.

274 3736 353 3790 Adde
371 3736 471 3810 llymui
496 3741 525 3791 in
550 3738 635 3803 Attin,
658 3753 738 3809 quem
757 3735 881 3790 tractauit
906 3734 1063 3787 Hermanns
1082 3731 1232 3785 Verbaudl.
1255 3729 1283 3783 d.

272 3821 306 3877 ll.
326 3821 423 3878 Salobs.
444 3825 599 3880 Gesellscb.
619 3824 649 3880 Τ.
670 3823 702 3876 ll.
720 3839 745 3892 p.
769 3825 796 3885 t,
816 3819 993 3890 principium:
1017 3815 1076 3871 Εἶτα
1094 3817 1187 3892 Κρόνον
1203 3815 1282 3889 γένος,

271 3907 320 3962 ricc
344 3909 400 3969 Διὸς
424 3910 538 3985 μάκαρας,
562 3909 609 3964 εἴτε
637 3909 698 3970 Ρὲας
722 3907 837 3983 μεγάλης,
860 3914 932 3981 χαῖρε
955 3906 1060 3980 κατηφὲς
1084 3903 1188 3978 ἄκριαρα
1205 3901 1283 3968 (blac,

280 3996 346 4060 Αττι,
361 3994 386 4047 ci
400 3997 499 4051 καλοῦσι
511 3997 554 4069 μὲν
566 3992 684 4071 Ἀσσύριαι
698 4003 751 4048 etc.
771 3993 917 4046 Praeterea
933 3992 1046 4045 alterurn
1061 3989 1113 4044 boc
1128 3987 1283 4059 exemplum

272 4085 306 4138 ab
328 4086 479 4140 Aristotele
498 4086 623 4141 affertur:

375 4167 530 4242 Xpootcszc
541 4164 642 4235 Ἐκατε,
659 4175 706 4221 παῖ
724 4167 797 4232 Διὸς,

273 4254 320 4308 ubi
338 4255 409 4310 idem
429 4254 516 4310 codex
531 4254 658 4330 ‘Esdcp-p,
677 4256 784 4308 minime
805 4247 997 4322 spernendam.
