2902 4822
161 630 245 685 teste
266 621 299 684 in
327 623 486 705 scriptura
513 619 719 704 Hippocratis
747 621 971 687 constituenda
1002 623 1102 689 multa
1132 645 1273 694 novasse

162 744 288 810 suoque
315 724 447 790 arbitrio
470 736 614 790 mutasse
644 726 768 808 dicitur,
792 726 852 790 hac
874 736 981 790 tamen
1005 726 1163 794 modestia
1193 751 1274 819 usus

162 839 223 909 est,
247 839 282 892 ut
299 848 382 911 quae
402 830 501 913 spurii
519 829 583 893 loci
604 831 666 914 ipsi
683 830 879 912 viderentur,
903 850 968 894 nou
984 833 1273 918 opprimeret‚,sed

163 952 253 996 more
265 934 468 1017 antiquorum
485 933 579 997 obelo
594 934 743 1017 apposito
756 944 892 1015 notaret,
912 934 945 997 id
963 935 1050 1020 quod
1062 933 1274 1022 Sprengelius

163 1037 281 1104 Gesch.
305 1036 335 1100 d.
358 1035 499 1101 Medicin
521 1035 556 1100 T.
579 1036 601 1098 l.
624 1058 655 1119 p.
679 1037 753 1119 368,
785 1037 839 1100 ubi
863 1034 903 1099 de
925 1039 975 1102 his
998 1038 1113 1104 studiis
1137 1039 1275 1107 Diosco-

164 1142 241 1205 ridis
264 1141 340 1225 agit,
374 1139 529 1203 adnotare
564 1139 716 1226 neglexit.
761 1141 832 1223 Qua
862 1142 986 1205 ratione
1014 1143 1123 1207 critica
1153 1164 1276 1230 anper

163 1257 266 1311 totum
288 1243 590 1328 Hippocraticorum
614 1243 807 1326 scriptorum
832 1264 951 1327 corpus
974 1266 1052 1310 usus
1075 1246 1135 1329 sit,
1166 1255 1276 1334 quam·

165 1332 261 1433 quam
283 1347 476 1411 id'maxime
499 1345 667 1430 probabile
696 1347 833 1428 videtur,
868 1347 1017 1411 traditum
1045 1369 1109 1413 nou
1130 1355 1275 1435 reperio:

164 1453 199 1516 id
232 1471 310 1516 vero
344 1445 462 1516 factum'
497 1471 572 1515 esse
606 1460 694 1514 certe
731 1453 764 1514 in
795 1450 879 1514 libro
914 1451 954 1515 de
989 1462 1104 1516 natura
1138 1437 1292 1523 hominis,

165 1566 303 1621 testatur
337 1553 479 1619 Galenus
511 1553 633 1618 Comm.
665 1553 813 1618 adhunc
847 1556 953 1638 ipsum
985 1553 1021 1619 Τ.
1044 1554 1114 1620 XV.
1148 1580 1180 1641 p.
1205 1560 1276 1625 110.

165 1660 272 1725 Xirhn.
305 1657 420 1741 Ταύτης
442 1655 516 1742 ὅλης
549 1643 602 1742 τῆς
633 1653 754 1742 ῥήσεως
775 1654 902 1722 ἑκάστου
937 1657 1038 1742 στίχου
1065 1659 1279 1750 Διοσκουρίδης

166 1761 339 1850 προέγραψε
369 1770 487 1845 σημεῖον
519 1758 535 1825 ὃ
569 1763 707 1826 καλοῦσιν
736 1757 851 1844 ὀβελόν,
890 1758 946 1846 οἵῳ
981 1764 1096 1849 σημείῳ
1119 1764 1168 1831 καὶ
1181 1751 1278 1852 ”Αρί.

169 1891 298 1953 σταρχος
328 1865 477 1950 ἐχρήσατο
506 1861 589 1948 παρὰ
615 1871 660 1951 τῷ
688 1867 793 1951 ποιητῇ
822 1861 899 1948 πρὸς
929 1862 997 1937 τοὺς
1028 1864 1280 1954 ὑποπτευομένους

168 1974 218 2039 ὑπ’
241 1969 330 2051 abacti
354 1969 489 2053 στίχους·
521 1966 684 2052 ταῦταμὲν
708 1966 724 2032 ὁ
747 1968 960 2052 Διοσκουρίδης
992 1968 1130 2054 ἔγραψεν,
1153 1969 1280 2049 εἰκάζων

169 2074 321 2159 εἶναιτὴν
352 2069 544 2158 προκειμένην
574 2069 658 2158 ῥῆσιν
686 2068 899 2156 Ἱπποκράτους
923 2074 975 2136 τοῦ
1003 2073 1159 2139 Θεσσαλοῦ
1186 2076 1281 2153 υἱέος·

170 2180 224 2248 δύο
246 2177 302 2264 γὰρ
325 2175 382 2243 ciel
403 2173 481 2241 οὗτοι
503 2173 638 2259 γεγόνασι
658 2177 710 2240 τοῦ
731 2172 860 2261 μεγάλου
880 2171 1106 2259 Ἱπποκράτους,
1122 2179 1280 2257 Θεσσαλὸς

169 2282 220 2349 καὶ
248 2279 385 2368 Δράκων,
420 2276 461 2345 ὧν
496 2277 633 2364 ἑκάτεροι
655 2276 741 2345 πάλιν
761 2275 965 2363 Ἱπποκράτεις
993 2276 1155 2364 ἐγέννησαν.
1198 2283 1281 2350 'l'um

170 2390 265 2453 etiam
298 2388 330 2450 in
360 2384 574 2448 Praediction.
607 2385 629 2446 l.
660 2394 743 2448 teste
776 2382 891 2446 eodem
926 2381 1063 2447 Galeuo‘
1082 2382 1205 2450 Comm.
1228 2387 1280 2453 lll.

166 2492 204 2556 Τ.
225 2489 310 2554 XVl.
342 2511 373 2573 p.
396 2489 471 2570 800,
506 2489 598 2550 cuius
628 2486 729 2550 verba
761 2486 842 2550 haec
876 2496 966 2551 sunt:
1001 2486 1215 2575 Διοσκουρίδης
1246 2489 1280 2558 δὲ

167 2591 359 2680 προκειμένην
382 2588 465 2678 ῥῆσιν
492 2590 596 2674 ταύτην
625 2593 694 2674 διχῆ
723 2587 817 2670 ἑλὼν,
847 2585 909 2676 ἰδίᾳ
937 2587 988 2673 μέν
1018 2591 1134 2677 ἔγραψε
1150 2591 1197 2657 ’τδ
1221 2591 1282 2662 οἷσι

166 2700 280 2782 κοιλίης
302 2695 432 2769 ἐπίτασις
455 2687 641 2779 αἱμογίροιγέει
667 2691 717 2758 καὶ
744 2685 965 2777 ἐπιῤῥιγώσασι,
994 2689 1055 2778 ἆρά
1076 2713 1110 2779 γε
1131 2695 1282 2783 καὶπρὸς

165 2802 201 2868 τὸ
225 2794 410 2887 αἱμορραγέει
431 2805 576 2864 τοιοῦτον·
609 2794 683 2881 μετὰ
696 2799 785 2860 ταυτα
805 2795 839 2859 δέ
856 2789 907 2878 ἀφ’
926 2794 1030 2881 ἑτέροις
1056 2796 1155 2885 ἀρχῆς
1182 2803 1280 2887 κοιλίη

165 2903 385 2991 λειεντεριώδης
407 2900 426 2987 ἢ
450 2899 641 2985 ἐπίσκληρος,
664 2897 867 2984 ἇσκαρίδεςῆ
898 2896 1080 2985 ἀμφότερον·
1103 2900 1225 2988 ’γράφει
1246 2904 1280 2970 δὲ

166 3008 223 3076 οὐκ
245 3007 434 3090 ἐπίσκληρος,
457 2999 522 3069 ἀλλ’
546 3001 724 3088 έπίσκληρον
746 3001 795 3068 διά
812 3005 863 3068 τοῦ
880 3027 905 3084 ν,
934 3001 984 3068 καὶ
1006 2997 1068 3068 κατ’
1091 3003 1182 3073 αὐτοῦ
1203 3007 1280 3075 τδλ

166 3113 282 3178 ἄνωθεν
310 3109 431 3190 ἐπιθείς,
468 3104 655 3192 ἑκατέρωθεν
685 3105 824 3182 ἐπιστίζει
853 3105 989 3188 βούλεται
1023 3102 1059 3190 [l.
1083 3107 1277 3199 βουλόμενος]

167 3216 314 3300 σημαίνειν
336 3214 386 3298 τὴν
410 3209 587 3295 έπίσκληρον
609 3210 715 3296 ταύτην
736 3210 847 3297 φωνήν,
869 3208 903 3274 τὸ
926 3212 1169 3296 κατεσκληρυκδς
1183 3222 1279 3303 σῶμα.

165 3320 306 3386 Exhibui
327 3317 447 3382 Kounii
469 3316 661 3398 scripturam
684 3336 750 3380 non
770 3335 838 3380 uno
850 3314 923 3378 loco
936 3314 977 3377 de
991 3315 1069 3379 vitio
1082 3315 1279 3408 suspectam,

166 3442 263 3508 quam
296 3443 369 3487 cum
403 3419 607 3504 superiorum
638 3420 796 3483 editorum
824 3414 980 3502 exemplis
1012 3405 1281 3513 conferre'uune

165 3524 251 3589 haud
274 3525 369 3588 licet:
391 3523 455 3587 hoc
478 3543 556 3587 vero
579 3534 714 3606 certum,
737 3542 797 3606 pro
820 3532 896 3585 uota
919 3523 948 3602 λ,
971 3516 1126 3588 hacteuus
1139 3525 1142 3535 ’
1157 3522 1280 3594 incom-

165 3638 257 3712 perta
286 3646 391 3712 neque
413 3625 507 3690 facile
530 3625 743 3709 expedienda,
766 3624 986 3707 reponendum
1009 3627 1084 3690 ess'e
1105 3625 1155 3712 Χ,
1184 3630 1279 3715 ¹quod

165 3730 245 3792 vidit
265 3728 435 3793 Reiuesius
457 3725 559 3811 Epist.
583 3725 678 3790 XXV
700 3727 741 3791 ad
764 3725 978 3791 Hofmauuum
1000 3748 1030 3810 p.
1051 3728 1113 3811 92,
1127 3729 1279 3800 laudatus
1348 3718 1351 3723 ⁸

165 3829 347 3896 Villoisono
376 3829 506 3915 Proleg.
539 3851 569 3912 p.
592 3829 666 3893 XX.
700 3827 832 3892 Scilicet
859 3839 992 3912 apparet
1014 3830 1089 3894 voci
1111 3826 1279 3903 correctae

165 3935 381 4019 adscripsisse
405 3934 642 4016 Dioscoridem‚
674 3933 762 4019 quod
784 3952 825 3996 ex
847 3932 950 4015 ipsius
973 3932 1082 3998 verbis
1104 3937 1277 4027 colligitur,

164 4037 367 4119 asteriscum,
400 4037 550 4120 utrinque
574 4045 773 4119 punctatum,
804 4032 845 4096 ad
875 4031 1010 4098 sormam
1038 4033 1124 4100 illius
1142 4037 1277 4127 *a'ritiqui

163 4138 433 4222 circumpuuctati
454 4135 574 4222 fictum,
598 4137 656 4222 Χ,
680 4155 744 4222 quo
758 4136 943 4221 designaret
962 4154 1079 4202 vocem
1103 4159 1123 4203 a
1145 4161 1182 4207 se
1205 4161 1277 4207 cor-

162 4251 288 4306 rectam
309 4261 394 4307 esse.

1003 4344 1076 4412 13*
