2902 4822
680 428 757 508 174

163 648 265 714 posse
286 626 506 708 adnotaverat,
540 625 749 703 retinuerunt,
786 621 1045 708 qnandoquidem
1078 622 1151 689 eius
1178 621 1275 709 signi,

164 733 251 817 quod
274 732 477 815 antiquorum
501 748 580 793 usus
602 728 773 810 ignoravit,
796 726 939 789 inventio
961 745 1002 789 ex
1024 725 1150 790 scholis¹
1168 744 1275 811 gram·

164 837 351 898 maticorum
385 835 478 898 unice
500 828 674 914 repetenda
698 839 759 909 est,
791 828 952 911 nobisque·
973 831 1000 891 si
1025 831 1156 891 omnino
1178 827 1275 893 buius

164 939 248 1023 signi
269 956 349 1001 usus
372 936 530 999 tenendus
553 942 613 1012 est,
637 933 699 996 alia
722 953 787 995 nou
804 943 913 1016 potest
930 932 984 996 lex
996 932 1165 997 observari
1177 950 1276 1014 qnam

164 1058 287 1127 quaec
311 1040 527 1124 grammaticis
548 1038 630 1119 ipsis
643 1037 816 1098 constituta
837 1045 897 1099 est.
930 1035 1040 1117 Atque
1055 1055 1094 1099 ea
1111 1032 1275 1099 scribendi

164 1145 246 1207 ratio
268 1162 333 1206 non
356 1142 461 1206 solum
483 1142 516 1202 in
538 1139 601 1203 boc
622 1158 744 1222 genere
766 1138 915 1219 cresium,
939 1137 998 1201 sed
1018 1139 1050 1200 in
1066 1138 1276 1222 omniutique

165 1245 440 1310 nconsuetudine
472 1241 671 1326 antiquitatis
700 1239 877 1323 abborruit,
911 1240 1069 1323 siquidem
1099 1258 1141 1303 ex
1173 1238 1276 1304 titulis

164 1352 329 1432 inscriptis
351 1356 479 1412 constat
502 1345 577 1408 olim
599 1345 754 1428 scriptum
784 1365 860 1409 esse
881 1366 912 1407 v.
934 1364 963 1408 c
985 1344 1090 1409 aare
1123 1342 1275 1428 (prem.

165 1452 223 1516 litt.
256 1451 328 1517 Hal.
366 1451 462 1517 1823.
497 1449 560 1513 Νο.
589 1449 661 1512 273.
697 1470 728 1531 p.
752 1449 851 1527 444),
878 1448 1075 1515 ΤΟΛΑΙΜΑ
1098 1445 1275 1533 (rodqelqrn,

163 1544 281 1618 Mirller
315 1532 378 1617 De‘
398 1553 542 1616 Minerva
578 1550 711 1614 Poliade
745 1572 775 1635 p.
810 1552 885 1633 51),
926 1550 1207 1615 ΟΙΙΙΠΛΑΝΑΤΑΣ
1242 1546 1276 1627 (ὃ

164 1650 278 1737 icem,
307 1654 465 1719 Wclcker
494 1652 604 1736 Spicil.
634 1655 736 1738 epigr.
769 1653 806 1719 ll.
840 1675 874 1737 p.
904 1655 968 1737 15),
1000 1655 1104 1718 ΗΣΧΕ
1133 1651 1170 1737 (ἢ
1196 1654 1276 1737 Ἔχε,

165 1758 241 1821 ibid.
263 1778 294 1840 p.
325 1758 393 1839 31),
422 1756 703 1841 ΚΑΠΙΔΑΚΡΥΣΑΙ
725 1759 817 1835 (ibid.
847 1779 879 1841 p.
902 1760 970 1840 29),
991 1760 1099 1823 ΚΑΜΕ
1123 1756 1190 1831 (καὶ
1210 1754 1275 1843 ipl,

166 1862 254 1927 Grut.
277 1883 307 1944 p.
322 1859 418 1943 1113,
439 1863 486 1944 6),
510 1861 724 1925 ruendam!
747 1864 797 1947 (τῇ
812 1855 973 1947 Ἀθηναίᾳ,
995 1860 1276 1927 Raoul·Rocbette

165 1965 341 2046 Questions
363 1964 404 2027 de
427 1963 524 2028 l'hist.
546 1963 587 2026 de
608 1962 681 2028 l'art
702 1985 733 2047 p.
758 1965 851 2048 174);
875 1967 937 2031 alia
955 1965 1111 2050 permulta
1129 1964 1276 2031 eiusdem

165 2069 295 2153 generis
329 2067 495 2148 exempla,
530 2086 667 2150 quornm
703 2068 853 2132 nonnulla
890 2070 1108 2153 suppeditabit
1139 2069 1276 2157 Sylloge

165 2173 262 2234 inser.
286 2193 317 2254 p.
343 2169 404 2230 127
427 2180 460 2231 et
482 2170 561 2232 574:
593 2189 675 2252 quae
699 2190 750 2233 me
772 2172 901 2236 minime
929 2173 1012 2256 fugit
1034 2173 1185 2239 diversae
1205 2175 1278 2259 qui-¹

166 2273 239 2336 dem
262 2293 337 2337 csse
360 2273 504 2353 rationis,
527 2271 586 2335 sed
609 2272 759 2336 consulto
783 2293 820 2337 ea
843 2275 1186 2359 biccompositaennt,
1208 2292 1279 2360 quo

165 2376 280 2441 melius
304 2376 504 2458 ostendatur,
537 2375 625 2439 nullo
663 2378 693 2439 in
716 2397 836 2461 genere
870 2379 1009 2442 crasium
1039 2378 1117 2442 illud
1144 2380 1280 2464 signum¹

164 2480 205 2544 ab
238 2482 371 2564 antiquo
405 2498 566 2563 quoquam
600 2479 727 2542 bomine
761 2481 917 2563 scriptum
951 2501 1035 2546 esse.
1084 2468 1185 2547 lmmo
1217 2481 1275 2547 ubi

163 2583 324 2647 vocalium
346 2592 434 2646 esset
456 2601 647 2663 concursus,
672 2584 727 2667 qui
748 2583 889 2668 alioquin
904 2585 1111 2648 mutationem
1129 2558 1274 2668 ipsarum

163 2705 223 2769 per
245 2683 352 2748 crasin
373 2685 545 2766 effecisset,
565 2694 692 2747 constat
715 2703 814 2766 saepe
837 2684 877 2746 ab
901 2687 1041 2769 antiquis
1063 2686 1188 2753 litteras
1208 2690 1275 2753 sin

163 2787 256 2872 gulas
279 2788 422 2871 integras
445 2787 584 2870 scriptas
607 2807 692 2870 esse,
716 2789 987 2871 quemadmodum
1008 2790 1150 2855 ΚΑΙΕΓΩ
1173 2790 1275 2877 bisyl-¹

163 2890 269 2956 labum
293 2899 400 2955 exstat
421 2891 452 2952 in
476 2890 567 2954 titulo
589 2893 622 2954 in
644 2891 757 2955 Revue
780 2893 820 2956 de
842 2893 1018 2979 pbilologie
1040 2893 1076 2983 Τ.
1100 2895 1122 2958 Ι.
1144 2916 1177 2980 p.
1196 2896 1271 2977 aot,

163 2993 216 3057 vel
238 3013 302 3057 non
325 2992 404 3057 elisa
429 2993 537 3057 ultima
560 2993 685 3078 syllaba
707 2995 800 3060 EPPE
824 2989 949 3080 lip'pie),
972 2997 1124 3060 ΗΡΠΑΣΕ
1146 2996 1272 3063 inland.

163 3094 319 3180 Stephani
340 3094 401 3159 Τῑῑ.
426 3095 541 3159 Graec.
563 3095 650 3160 Part.
675 3097 724 3161 ΙΙΙ.
747 3119 777 3180 p.
800 3100 832 3180 4,
855 3098 902 3161 ΔΕ
925 3098 1002 3161 ibid.
1025 3096 1079 3161 lv.
1103 3120 1133 3182 p.
1147 3098 1199 3182 18,
1221 3094 1273 3165 ttoel

164 3193 238 3261 δέκα
270 3197 367 3279 ἔχοντι
401 3196 500 3261 lnscr.
535 3217 585 3282 ap.
620 3199 869 3264 Boissonadium
903 3201 944 3264 ad
977 3201 1137 3265 Holstenii
1168 3198 1272 3285 Epist.

164 3323 195 3386 p.
217 3302 274 3365 451
304 3311 337 3363 et
358 3302 438 3365 454:
463 3321 546 3385 quae
569 3304 717 3386 exempla
738 3305 778 3369 iis
801 3305 966 3386 accedant,
1001 3326 1085 3389 quae
1111 3305 1174 3370 alio
1196 3305 1271 3371 loco

164 3402 241 3468 olim
262 3405 425 3488 congessi.
469 3403 609 3486 Propius
632 3404 674 3466 ad
696 3425 765 3467 rem
787 3417 837 3469 est
860 3417 983 3488 notare,
1015 3427 1085 3470 carn
1107 3406 1271 3473 scribendi

162 3506 320 3569 rationem
343 3507 506 3569 etiamtum
517 3505 685 3569 Zenodoto
707 3505 789 3570 locis
812 3509 974 3573 nonnullis
992 3508 1175 3576 Homericis
1196 3528 1271 3594 pro-

162 3608 269 3673 batam
298 3609 410 3692 fuisse,
443 3610 478 3672 id
500 3609 588 3694 quod
609 3612 750 3674 ostendit
782 3610 994 3697 Pluygersius
1028 3612 1079 3679 De
1112 3613 1271 3680 Zenodoti

162 3713 302 3778 editione
324 3734 421 3777 carm.
444 3711 539 3775 Hom.
573 3733 605 3796 p.
627 3715 659 3795 8,
684 3716 778 3778 etiam
808 3716 997 3782 Aristarcho
1018 3737 1269 3804 nonnumquam,

163 3829 313 3882 monente
343 3815 592 3879 Friedlaendero
628 3817 679 3880 De
711 3817 874 3882 Nicanore
905 3841 935 3902 p.
971 3822 1041 3885 127.
1087 3818 1135 3886 cf.
1168 3822 1270 3889 Lebre

163 3920 296 4001 Quaest.
319 3939 369 4001 ep.
393 3940 424 4002 p.
446 3920 498 3982 49.
533 3920 716 4002 Quinimmo
738 3921 770 3982 in
793 3921 953 3985 eiusmodi
972 3923 1178 4008 dictionibus,
1202 3925 1277 4011 qui·

162 4024 223 4088 bus
246 4023 299 4086 vel
329 4024 413 4087 crasi
444 4023 497 4087 vel
531 4022 666 4087 elisione
688 4023 827 4088 adbibita
863 4025 1059 4109 syllabarum
1091 4029 1142 4093 vis
1176 4026 1270 4093 facile

163 4126 331 4192 obscurari
353 4136 490 4209 poterat,
513 4126 625 4211 quales
648 4138 776 4193 suctu.
800 4147 827 4191 c.
850 4127 890 4211 μὴ
913 4124 1036 4210 ἀδικῶν,
1058 4128 1112 4193 vel
1125 4127 1146 4214 ἡ
1160 4124 1269 4215 ἀγαθή,

164 4248 244 4314 quas
256 4229 381 4294 confert
393 4227 576 4293 Brunckius
590 4229 632 4294 ad
642 4227 797 4311 Sophocl.
809 4227 890 4293 Phil.
903 4231 976 4300 772.
1004 4229 1070 4297 liri.
1081 4230 1184 4299 multo
1194 4250 1270 4317 pro·
