2902 4822
743 444 822 525 320

223 664 314 726 ματος
336 637 421 726 ἀνήρ,
445 639 502 717 ’ὡς
523 649 662 729 μαρτυρεῖ
691 642 892 727 Καλλίμαχος.
936 634 1090 714 boeliae<
1117 632 1153 701 db
1181 632 1200 701 ὁ
1224 636 1340 701 πολιτι-

223 742 279 822 κός
296 756 358 811 etc.
381 746 501 813 haecce
521 746 673 835 leguntur
694 748 775 815 illic:
810 745 1072 833 „Frequentabat
1090 752 1199 809 antem
1216 742 1339 809 Aratus

223 850 388 916 Zenonem
411 852 549 916 stoicum
572 851 801 936 philosophum
833 863 865 916 et
887 849 1018 933 scripsit
1047 847 1250 914 adeundem
1272 847 1341 931 cpi·

226 954 354 1021 stolam.
377 954 489 1021 didicit
509 962 615 1021 autem
638 955 728 1034 opud
747 976 817 1021 eum
842 954 1029 1042 Odysseam,
1052 960 1088 1019 et
1104 952 1298 1019 Gemite
1310 950 1339 1043 ²)

223 1060 335 1145 iuquit,
359 1066 452 1147 qcosi
469 1058 663 1145 praesidens
685 1060 728 1125 ab
750 1062 947 1146 imperatore
968 1065 1002 1122 et
1017 1054 1155 1123 Idadem
1172 1056 1341 1143 εονὶρείεεε

224 1162 273 1228 od
290 1184 324 1227 se
336 1162 515 1228 Hermum
533 1172 566 1229 et
580 1165 610 1228 ei
627 1162 795 1232 direxisse.
812 1165 957 1229 ciliciam
975 1168 1083 1227 antem
1096 1160 1187 1225 illiers
1204 1180 1228 1225 c
1245 1180 1337 1225 com·

218 1266 370 1352 plictiles
394 1267 512 1354 sectos
535 1266 664 1353 [nechea
677 1266 715 1354 i]
751 1276 800 1333 cst
827 1265 961 1332 meltum
989 1264 1148 1331 bumbos
1166 1263 1235 1348 cir,
1256 1270 1340 1343 seced

226 1379 364 1438 testatur
388 1370 617 1455 Callimachus,
640 1375 792 1438 assistens
814 1375 844 1438 ei
864 1370 906 1437 eb
929 1369 1068 1456 infantia
1085 1377 1226 1455 propter·
1238 1368 1339 1455 paci-

220 1474 353 1561 pbenea
373 1475 547 1565 redientem
574 1474 665 1563 [sic].
703 1477 863 1542 Doxiteus
885 1483 993 1540 autem
1018 1471 1188 1559 pelusinus
1202 1472 1231 1551 ⁸)
1252 1481 1335 1537 etc·

225 1579 317 1662 Quae
338 1580 391 1645 bic
414 1580 454 1646 de
477 1582 569 1646 Arati
592 1581 774 1647 Homericis
797 1581 923 1664 studiis,
957 1578 998 1644 de
1030 1577 1148 1665 quibus
1180 1598 1214 1646 v.
1245 1576 1339 1643 Arati
1424 1612 1429 1623 .

224 1680 332 1748 Vitam
365 1704 416 1770 ap.
450 1683 553 1751 Bublc
585 1684 622 1750 T.
650 1685 687 1757 ΙΙ.
718 1708 749 1771 p.
779 1685 841 1750 431
874 1696 906 1749 et
933 1683 1008 1748 446.
1051 1680 1176 1749 Villois.
1205 1678 1338 1769 Proles.

278 1894 307 1962 2)
325 1891 400 1964 Lege
420 1893 574 1968 Carystius.
605 1892 732 1963 intelligo
751 1894 904 1967 carystium
923 1892 1103 1964 Antigonum,
1119 1888 1253 1957 Vitarorn,
1270 1902 1341 1961 quas

328 1981 433 2051 passim
450 1980 619 2036 Athenaeus·
634 1983 769 2048 meminit,
796 1990 951 2047 auctorem,
977 1982 1013 2036 de
1036 1998 1091 2053 quc
1109 1996 1138 2034 v.
1154 1977 1286 2035 vossium
1304 1976 1341 2031 de

329 2065 391 2122 hist.
411 2065 458 2126 Gr.
477 2086 504 2140 p.
525 2072 583 2123 tte.
601 2066 757 2136 western,
781 2085 835 2123 non
853 2067 1008 2140 Caryatium
1026 2067 1225 2137 Pergamenum
1230 2100 1242 2135 ,
1260 2064 1342 2117 enins

328 2152 492 2227 descriptis
517 2156 655 2211 historicis
679 2162 706 2209 et
729 2154 907 2209 didascalicis
931 2153 1091 2209 consulendi
1114 2158 1180 2207 sunt
1195 2148 1341 2219 wegoner

330 2240 371 2296 lie
396 2242 458 2297 aula
478 2242 559 2301 Attal.
587 2244 606 2302 l.
625 2262 653 2315 p.
673 2246 730 2296 ¹86.
768 2241 866 2315 Kopkc
887 2240 927 2297 De
951 2242 1170 2317 hypomnematis
1193 2236 1241 2297 (ir.
1260 2254 1287 2313 p.
1308 2240 1341 2291 te

329 2336 357 2384 ct
375 2328 462 2385 Ritter
479 2329 522 2387 De
542 2330 661 2404 Didymo
682 2349 708 2402 p.
727 2336 769 2384 52.

279 2434 310 2502 s)
327 2430 389 2488 Non
413 2438 564 2505 putaverim
589 2437 768 2508 interpretem
793 2455 827 2491 ex
852 2436 961 2492 Graeco
991 2432 1116 2509 exemplo
1144 2428 1338 2503 corrigendum

327 2538 405 2590 esse,
429 2540 511 2594 quum
525 2527 686 2596 praesertim
703 2524 791 2596 ipsum
812 2525 950 2597 epitheton
969 2523 982 2578 b
999 2522 1120 2584 πολιτικὸς
1136 2521 1234 2575 merito
1251 2526 1339 2573 unto-

327 2626 395 2683 pere
409 2608 577 2669 bleiselrinm
591 2613 746 2678 offenderit,
759 2621 788 2667 ut
803 2613 883 2668 Anal.
898 2612 1049 2668 Alexandr.
1064 2629 1090 2684 p.
1103 2613 1144 2676 to,
1155 2604 1339 2683 preld-siloe

327 2701 449 2772 reposito
463 2699 586 2769 Σωσίβιος,
609 2700 678 2757 adeo
695 2701 843 2770 legendnm
862 2704 1003 2758 censuerit
1019 2698 1112 2761 inei«
1126 2700 1173 2755 vel
1191 2694 1338 2755 mundet

329 2786 431 2859 quibus
450 2789 612 2843 commentis
630 2805 703 2843 nunc
722 2805 755 2843 eo
773 2788 883 2845 facilius
900 2788 1065 2854 carebimus,
1081 2802 1137 2861 quo
1153 2786 1244 2841 ninus
1259 2780 1336 2837 dubi·

326 2874 401 2929 tandi
418 2879 499 2930 loeus
517 2876 694 2949 relinquitur,
712 2879 779 2951 quin
797 2893 863 2932 vera
881 2878 1020 2950 iuterpres
1037 2874 1189 2939 tradiderit,
1211 2868 1339 2945 quemme

326 2978 423 3034 parom
438 2970 582 3018 accuratus
595 2965 624 3018 in
638 2980 739 3034 graeco
753 2968 861 3019 nomine
876 2962 1055 3042 llphcocrlrrpe,
1067 2964 1108 3017 uti
1124 2962 1192 3017 olim
1204 2962 1339 3035 scriptum

328 3055 400 3114 erat,
428 3048 577 3107 reddendo.
619 3050 717 3106 Forma
740 3068 808 3106 vero
834 3053 952 3107 nominis
977 3050 1073 3105 latina
1099 3046 1246 3105 meum
1266 3048 1339 3119 ipsa,

327 3135 418 3189 adhuc
431 3138 563 3206 ignorata,
577 3139 743 3194 incommodi
756 3139 823 3194 nihil
838 3138 930 3194 hebet.
955 3136 981 3193 Α
995 3139 1150 3210 patriciam
1162 3134 1234 3191 urbe
1247 3140 1338 3191 utrum

327 3220 479 3278 Dositheou
503 3225 552 3281 ille
576 3227 613 3281 ita
633 3226 723 3282 dictus
741 3229 789 3291 sit,
815 3243 850 3281 an
868 3225 942 3300 quod
959 3226 1007 3280 diu
1031 3224 1138 3281 Pelusii
1154 3228 1340 3279 commoratus

240 3376 244 3383 ¹
328 3311 381 3375 sit,
408 3327 441 3366 eo
455 3310 596 3369 lubentius
610 3317 638 3369 in
658 3317 747 3372 medio
761 3317 905 3388 relinquo,
932 3333 987 3388 quo
1003 3317 1062 3389 ipse
1079 3314 1200 3371 bominis
1215 3312 1339 3369 conditio

328 3398 471 3455 obscurior
486 3410 537 3461 est.
567 3401 642 3459 Nihil
659 3412 749 3461 tamen
767 3404 847 3461 obest
865 3421 919 3476 quo
938 3403 1027 3459 minus
1046 3417 1109 3457 enm
1126 3408 1254 3475 putemus
1271 3414 1340 3454 eun·

330 3488 392 3544 dem
410 3507 472 3545 curn
491 3500 646 3548 astronomo
665 3493 726 3561 illo,
752 3497 797 3548 cni
817 3495 920 3566 scripta
938 3492 1041 3564 aliquot
1058 3488 1244 3545 Archimedes
1261 3488 1339 3544 dedi·

331 3593 412 3632 casse
431 3577 561 3646 traditor,
584 3579 657 3635 nude
680 3583 708 3635 in
730 3582 790 3635 eins
808 3583 925 3635 aetatem
950 3581 1134 3633 coniecturam
1152 3576 1247 3631 lacere
1263 3574 1340 3631 licet.

330 3660 364 3720 V.
384 3664 563 3719 Brundesium
587 3668 616 3719 in
635 3665 721 3720 lahnii
744 3666 917 3721 Jahrbircher
940 3664 1036 3740 Snppl.
1053 3663 1129 3720 Xlll.
1153 3682 1180 3737 p.
1197 3666 1259 3717 we.
1288 3660 1340 3717 nbi

243 3808 247 3815 ,
326 3768 408 3824 quum
423 3768 458 3809 ex
471 3750 629 3808 Ptolemaeo
644 3752 678 3808 de
692 3756 860 3826 apparentiis
874 3756 1051 3809 inerrantium
1059 3746 1178 3819 (Petavii
1192 3750 1339 3823 llranolog.

326 3858 354 3913 p.
372 3841 419 3911 93)
439 3840 589 3897 Dositheus
607 3840 632 3896 lv
646 3840 770 3917 Kchoveip
788 3845 896 3898 coelum
911 3842 1079 3898 observasse
1092 3848 1227 3909 nematnr,
1242 3840 1340 3899 viden-

328 3924 390 3979 dum
419 3942 454 3981 ne
484 3926 624 3998 superflua
646 3927 759 3983 Baehrii
783 3945 798 3982 a
822 3927 974 3983 Brandesio
1002 3935 1152 3984 memorata
1177 3929 1340 3984 coniectura

328 4015 373 4076 sit,
391 4010 417 4067 is
433 4011 540 4084 Κολωνῷ
560 4016 656 4085 reponi
675 4014 809 4083 iubentis,
826 4033 908 4089 quum
926 4016 1052 4071 linthres
1068 4014 1139 4078 πόλις
1156 4015 1339 4071 Armenoeili·

329 4099 390 4153 ciac
407 4100 524 4171 intelligi
541 4103 643 4174 possit,
661 4101 695 4157 de
714 4119 767 4174 qun
785 4103 967 4175 Ephracmius
985 4104 1066 4161 Caes.
1084 4106 1170 4157 8⁹2⁷:
1194 4104 1250 4159 nisi
1267 4100 1340 4157 sorte

326 4184 489 4255 intelligitur
506 4189 653 4247 Antiochia
680 4206 731 4260 ea,
756 4207 828 4263 qnae
851 4187 1115 4265 Kchnsie’hrsoxin
1136 4190 1211 4247 dicta
1234 4196 1284 4245 est
1303 4186 1340 4245 t.

329 4273 414 4327 inser.
432 4290 475 4345 ap.
494 4275 615 4335 Fellows
632 4279 718 4353 Lycia
736 4297 762 4353 p.
779 4282 833 4335 eet
849 4279 916 4339 coll.
932 4298 960 4353 p.
976 4282 1037 4337 810.
