2902 4822
696 445 749 522 82

165 637 335 724 antisigma
355 637 480 722 opinor,
504 635 739 722 Aristophanes
758 639 857 723 priori
874 639 994 723 versui,
1017 657 1113 724 quem
1134 636 1276 703 alienum

164 749 304 825 putaret,
332 731 507 823 posteriori
530 742 584 824 qui
607 742 809 806 correctione
831 742 1006 827 indigeret,
1036 741 1077 805 ab
1099 743 1172 825 ipso
1194 756 1276 805 voro
1332 807 1335 811 ,

165 845 368 909 correctione
390 853 531 909 tentatus
554 864 619 909 aon
642 855 746 928 asset,
780 844 916 910 aiterum
943 847 1102 929 apposuit.
1152 842 1277 911 Eadem

165 948 263 1033 igitur
284 958 380 1012 notae
402 950 506 1033 sigma
528 949 589 1032 vis,
614 969 709 1033 quam
730 950 762 1012 ia
774 949 944 1013 Homerica
969 949 1043 1031 crisi
1064 949 1275 1032 advertimus,

165 1052 354 1136 simpliciter
375 1053 514 1118 notandi
535 1074 651 1118 caussa
676 1054 831 1117 adiectae.
872 1052 1019 1116 Alterum
1043 1049 1149 1117 io'cum
1172 1049 1277 1115 Scho-

163 1155 279 1221 iiorum
303 1156 426 1222 Comici
449 1178 490 1222 ex
511 1156 671 1240 Nubibus,
705 1179 799 1242 quem
829 1156 997 1220 Nauckius
1029 1179 1061 1240 p.
1083 1152 1127 1223 65
1149 1155 1191 1219 ad
1213 1156 1278 1221 hoc

164 1271 312 1328 notarum
334 1282 437 1347 genus
461 1262 566 1345 trahit,
590 1262 631 1326 ad
653 1263 739 1326 aliud
761 1263 869 1345 potius
887 1255 1100 1345 referendam,
1123 1262 1166 1325 ad
1187 1250 1291 1355 quod

164 1366 270 1430 statim
292 1366 535 1449 transeundum,
560 1387 657 1450 quum
680 1366 848 1446 addidero,
872 1365 899 1428 si
921 1384 1014 1448 quam
1035 1384 1111 1428 rara
1127 1373 1277 1428 notarum

165 1468 207 1532 ab
229 1469 447 1553 Aristophane
469 1472 501 1533 in
520 1468 643 1533 Comici
667 1471 796 1552 scriptis
820 1469 1030 1532 adhibitarum
1054 1469 1190 1552 vestigia
1212 1468 1290 1534 sint*

165 1576 414 1659 meminerimus
438 1587 546 1640 tamen
569 1595 634 1658 quo
664 1576 801 1637 certiora
826 1595 864 1637 ca
888 1583 981 1656 sunt,
1013 1593 1053 1637 eo
1082 1575 1209 1659 planius
1237 1594 1275 1638 ea

165 1679 357 1760 ostendere,
389 1688 467 1762 quot
500 1690 683 1763 quantaque
715 1680 903 1743 eruditionis
925 1681 1135 1744 instrumenta
1164 1683 1198 1743 in
1219 1681 1276 1745 iiio

163 1779 340 1845 litterarum
364 1783 543 1866 naufragio,
568 1782 654 1865 quod
677 1783 849 1866 antiquitas
872 1782 980 1864 subiit,
1004 1782 1174 1846 submersa
1192 1784 1274 1875 sint3

164 1905 237 1948 nam
260 1905 355 1949 nemo
382 1889 441 1950 erit
464 1889 540 1970 quia
563 1887 615 1951 vei
637 1907 678 1950 ex
701 1887 770 1950 sola
802 1886 853 1949 iiia
877 1885 1039 1950 Ranarum
1069 1887 1275 1952 adnotatione

166 1987 424 2055 concludendum
448 2002 563 2074 sumat,
587 1991 839 2074 Aristophanem
862 2009 926 2052 non
954 1990 1051 2053 modo
1073 1990 1156 2056 hanc
1185 1990 1277 2057 saba·

164 2093 228 2156 iam
251 2095 310 2158 sed
333 2094 413 2159 alias
436 2096 557 2179 piures,
581 2097 610 2159 si
633 2116 697 2159 non
721 2114 844 2173 omneS,
877 2093 992 2156 eodem
1023 2093 1120 2157 modo
1149 2107 1275 2161 notatas

165 2189 352 2279 reliquisse:
371 2201 397 2273 ¹)
420 2197 509 2281 quod
531 2216 571 2260 eo
594 2199 697 2282 magis
721 2195 875 2260 credibile
898 2207 966 2269 est,
991 2214 1055 2280 quo
1078 2199 1173 2260 etiam
1196 2197 1275 2262 alias

160 2353 452 2372 Q——ss

219 2429 247 2493 t)
267 2426 366 2482 Attulit
398 2428 540 2484 Nauchias
570 2447 596 2500 p.
629 2430 662 2484 18
690 2429 770 2481 etiam
800 2428 914 2480 aiterum
948 2430 1062 2481 criticae
1096 2427 1276 2484 adnatrtionis

273 2519 437 2588 eucarpium,
455 2535 490 2571 cx
509 2517 602 2571 Schoi.
621 2515 691 2570 Nun,
710 2519 771 2576 958,
789 2515 835 2568 ubi
855 2517 958 2568 initium
978 2525 1021 2568 cst
1037 2523 1196 2586 systematis
1213 2534 1276 2572 111·

273 2605 389 2676 paestici
415 2603 610 2673 Aristophanei
636 2601 715 2667 dicti;
740 2601 784 2654 uiri
804 2608 946 2672 postquam
971 2603 1004 2656 dc
1029 2603 1081 2656 hoo
1099 2612 1186 2658 metro
1205 2605 1276 2659 eius·

274 2708 327 2760 que
352 2693 461 2745 nominc
488 2689 650 2759 disputatum
675 2695 726 2752 est,
754 2687 890 2754 leguntur,
918 2705 987 2748 quae
1014 2705 1178 2759 quocunque
1197 2688 1277 2745 modo

273 2784 356 2831 totum
377 2777 500 2830 scholion
520 2777 671 2828 constituas
696 2777 758 2843 (ego
778 2774 885 2844 quidem
907 2773 1054 2829 ilcrmanni
1073 2791 1173 2847 sequor
1192 2776 1276 2829 ratio·

268 2870 346 2926 nem)
373 2870 447 2934 patet
472 2863 504 2914 ad
531 2865 610 2913 metri
633 2863 764 2913 rationem
791 2863 947 2931 pertinere:
971 2870 1041 2914 τοῦτο
1058 2858 1100 2915 οὖν
1124 2860 1186 2937 ἄγαν
1207 2857 1277 2937 Ἀρι-

271 2947 389 3021 στοφάνης
400 2946 547 3020 ἀπεδέχετο,
561 2947 594 3005 ὡς
607 2944 635 2998 εὖ
651 2947 819 3022 πεποιημένον.
848 2945 925 3012 Quae
939 2947 1024 3000 verba
1038 2946 1181 3002 Nanclrias
1193 2964 1276 3020 quum

271 3035 306 3088 ad
324 3036 529 3103 grammaticum
544 3033 754 3105 Aristophanem
776 3033 920 3087 reserenda
938 3042 1056 3104 putaret,
1075 3051 1091 3088 a
1108 3039 1224 3090 veritate
1242 3048 1277 3089 eo

271 3138 358 3192 usque
377 3120 524 3184 aberravit,
550 3129 579 3173 ut
596 3138 644 3191 pro
663 3121 734 3196 ἄγαν,
754 3123 824 3194 quod
843 3139 947 3176 senon
966 3123 1120 3190 intelligere
1138 3123 1277 3188 fateretur,

271 3209 434 3282 γραμματικὸς
458 3209 643 3279 reponendum
671 3211 869 3278 suspicaretur.
905 3209 940 3262 ht
964 3209 1126 3277 intelligitur
1150 3208 1279 3262 Comicus

272 3301 349 3368 ipse,
381 3312 460 3365 quem
491 3296 563 3348 istud
596 3304 725 3356 metrum,
754 3295 826 3365 quod
856 3294 927 3348 bene
957 3297 1135 3366 compositum
1169 3293 1277 3353 uidero·

273 3392 326 3450 tur,
350 3387 462 3438 nimium
483 3401 561 3456 quam
581 3383 733 3450 adamasse,
753 3383 906 3438 Scholiasta
926 3383 1056 3437 adnotare
1080 3384 1184 3439 voluit:
1209 3383 1277 3439 nihil

275 3473 409 3543 amplius3
441 3480 522 3543 atque
549 3472 596 3525 iiia
629 3472 765 3524 sententia
793 3468 1021 3540 praecedentibus
1052 3471 1202 3540 aptissima.
1246 3470 1278 3525 in

274 3575 395 3612 errorem
413 3558 577 3611 induxerunt
594 3554 747 3610 Nauclriam
771 3556 856 3609 verba
875 3573 932 3617 seu.
957 3555 1213 3616 attractatam
1225 3577 1279 3612 arc·

273 3647 403 3721 ράγραφος,
429 3661 499 3716 qaae
522 3663 589 3698 sane
614 3646 782 3713 grammatici
806 3652 877 3697 sunt.
914 3643 980 3697 Tura
1007 3647 1029 3699 si
1049 3645 1083 3698 ad
1109 3646 1279 3714 grammatici

267 3733 389 3802 aliquam
414 3733 630 3796 adnotationem,
659 3732 704 3784 cui
729 3746 795 3784 sane
822 3736 983 3784 conveniret
1007 3730 1087 3785 verbi
1113 3729 1279 3805 ἀποδέχωθαι

271 3834 346 3884 usus,
369 3835 395 3871 v.
410 3816 503 3874 Schoi.
524 3816 558 3871 ad
580 3818 717 3888 Aristoph.
738 3819 792 3873 Αν.
811 3821 854 3884 76,
878 3818 963 3872 verba
980 3819 1032 3873 ista
1049 3817 1225 3884 referremus,
1244 3835 1279 3873 ca

271 3919 386 3973 prorsus
403 3920 486 3958 sensu
506 3920 563 3956 carr
572 3911 641 3957 rent.
678 3902 746 3957 Rem
772 3905 880 3958 coniicit
898 3904 991 3961 Schoi.
1011 3905 1080 3959 Piut.
1101 3906 1161 3971 487,
1183 3903 1233 3958 ubi
1249 3905 1279 3959 in

272 3990 368 4044 codem
392 4001 480 4045 metro
508 3992 678 4063 expianando
703 3992 798 4047 cadem
817 3994 951 4046 sententia
975 3992 1038 4046 aiiis
1063 3990 1158 4046 verbis
1176 3993 1214 4046 ita
1232 4008 1277 4046 er·

273 4080 424 4147 promitur:
446 4078 555 4133 καλιῖται
572 4079 600 4132 δὲ
617 4085 686 4133 τοῦτο
702 4081 730 4135 τὸ
748 4079 832 4155 μέτρον
846 4075 1048 4154 Ἀριστοφάνειον,
1074 4077 1114 4132 διὰ
1129 4077 1156 4133 τὸ
1172 4080 1280 4137 mee

272 4180 320 4236 pus
348 4160 420 4218 αὑτὸν
440 4164 517 4237 τούτῳ
540 4166 686 4243 χρήσασθαι,
713 4167 741 4223 οὺ
760 4166 807 4241 μὴν
824 4165 949 4242 aipqalrm
964 4179 1069 4244 πρῶτον.
1103 4166 1211 4223 Similia
1230 4170 1278 4223 111·

272 4249 335 4303 dem
353 4253 448 4310 verbis
466 4255 500 4310 de
519 4266 605 4313 metro
623 4255 812 4329 Hipponacteo
827 4253 930 4326 Schoi„
946 4255 1018 4312 Piut.
1039 4257 1100 4309 258.
1134 4253 1279 4329 Postremo
