2902 4822
641 444 725 520 141

136 653 231 719 quem
266 633 427 698 contrario
449 633 547 698 modo
580 632 621 697 de
643 633 758 698 iisdem
788 634 938 699 versibus
969 637 1124 703 statuisse
1144 659 1244 723 supra

135 738 285 820 vidimus,
309 744 336 812 s.
351 737 404 820 24,
426 738 459 800 in
481 737 545 801 hoo
566 756 645 801 vero
668 757 742 800 eum
765 738 924 821 imitatus,
948 739 1035 823 quod
1055 761 1153 824 quum
1171 760 1244 804 ver·

135 859 192 904 sus
214 841 277 924 ipsi
297 850 414 924 poetae
444 859 509 904 non
531 839 732 904 abiudioandi
761 840 956 925 viderentur,
990 844 1159 926 utriusque
1179 842 1244 908 loci

135 943 306 1008 discrimen
337 962 399 1028 pro
422 945 579 1028 cuiusque
602 954 713 1007 natura
736 943 850 1007 iisdem
872 945 974 1029 signis
1005 955 1142 1029 notaret,
1174 948 1243 1030 qui·

108 1045 194 1139 4bus
230 1046 465 1130 Aristophanes
494 1056 630 1128 notarat,
662 1047 705 1110 ita
739 1056 774 1110 ut
806 1045 862 1110 uhi
884 1045 1016 1111 Nestori
1048 1049 1242 1133 tribuuntur,

134 1149 262 1215 obelum
285 1171 358 1215 eum
380 1152 549 1232 asterisco,
583 1149 638 1213 uhi
661 1147 807 1234 Cyclopi,
841 1151 1032 1216 asteriscum
1055 1162 1241 1235 apponeret.

132 1250 211 1318 Eius
234 1255 424 1337 signationis
447 1255 604 1318 disertum
627 1252 756 1336 quidem
779 1251 982 1317 desideratur
1008 1255 1241 1319 testimonium:

134 1376 205 1420 cam
228 1371 315 1421 'vero
338 1357 497 1422 adiecisse
522 1356 757 1437 Aristarchum,
781 1374 822 1418 ex
846 1375 885 1419 eo
908 1357 1120 1437 concluditur,
1154 1358 1242 1442 quod

133 1461 217 1544 apud
240 1472 407 1526 auctorem
429 1461 678 1544 apospasmatii,
713 1460 764 1522 cui
787 1459 872 1522 illius
896 1455 1069 1543 ἆθενήοεως
1090 1460 1241 1525 indicium

132 1575 301 1649 acceptum
334 1565 515 1647 referimus,
547 1563 693 1627 eiusdem
727 1563 901 1628 notationis
934 1566 1053 1628 mentio
1089 1565 1241 1628 continuo

132 1669 355 1752 praemittitur,
378 1670 412 1731 in
435 1669 496 1732 alia
518 1667 696 1751 argumenti
719 1667 844 1729 ratione
865 1666 1039 1732 adhibitae:
1064 1688 1135 1732 nam
1158 1685 1241 1754 quae
1291 1708 1295 1720 ·
1336 1688 1340 1693 ’

132 1771 172 1836 de
196 1767 290 1859 ἑτέρῳ
311 1768 415 1856 τρόπῳ
440 1772 605 1853 dicuntur,
638 1790 704 1833 non
732 1769 773 1832 ad
795 1770 995 1853 signationis,
1027 1770 1085 1835 sed
1109 1772 1241 1836 rationis

131 1895 234 1960 genus
267 1884 423 1957 spectant.
469 1873 549 1938 'lum
581 1876 614 1937 in
645 1875 709 1937 hoc
742 1869 916 1956 discisso<
948 1894 1068 1959 genere
1101 1875 1141 1938 ah
1168 1876 1240 1940 Ari·

131 1975 260 2043 sta'rcho
283 1978 458 2043 adhibitum
482 1998 556 2043 esse
579 1977 710 2041 obelum
731 1995 805 2039 cum
827 1977 995 2059 asterisco,
1023 1979 1178 2042 docemur
1200 1997 1240 2042 ex

131 2081 303 2146 Aneodoto
325 2081 444 2160 Paris,
479 2083 571 2145 cuius
604 2078 778 2144 testimonii
809 2079 870 2141 iam
902 2085 928 2153 s.
952 2081 995 2141 24
1029 2083 1109 2144 ratio
1132 2080 1240 2145 hahita
1355 2117 1361 2127 ι

129 2194 190 2248 est.
224 2183 317 2248 Patet
349 2186 411 2248 iam
434 2193 466 2247 et
488 2205 551 2268 qua
573 2185 605 2246 vi
638 2184 679 2246 ah
701 2183 891 2247 Aristarcho
920 2183 1034 2248 obelus
1057 2204 1132 2247 cum
1155 2194 1240 2248 aste·

129 2289 215 2352 risco
238 2289 365 2371 positus
388 2289 440 2368 sit,
465 2296 496 2350 et
519 2306 536 2350 a
563 2307 627 2371 quo
650 2289 678 2351 is
701 2287 763 2351 hoc
786 2285 917 2349 notandi
940 2305 1043 2370 genus
1067 2288 1237 2370 acceperit.

129 2388 306 2475 Exemplis,
330 2409 413 2473 quae
435 2409 476 2453 ex
499 2388 596 2453 iliade
613 2392 778 2476 congessit
801 2387 1096 2472 Siehenkeesinsp.
1111 2391 1163 2453 74.
1176 2411 1236 2474 sq,

115 2492 285 2557 addamus
314 2493 433 2578 Odyss.
456 2498 481 2574 Ε,
504 2493 557 2575 45,
588 2492 643 2557 nbi
671 2513 702 2557 v.
731 2491 841 2557 Schol.
884 2489 1030 2555 Eundem
1052 2492 1084 2554 in
1107 2492 1237 2556 modum

128 2597 190 2659 iam
213 2605 302 2679 patet
328 2597 474 2681 signatos
497 2595 597 2660 fuisse
619 2616 734 2660 versus
759 2596 840 2661 alios
863 2615 938 2659 cum
960 2596 1146 2678 suspicione
1165 2594 1237 2659 lalsi

128 2700 273 2783 iteratos,
296 2697 397 2762 veluti
412 2698 530 2784 Odyss.
551 2722 576 2780 ν,
590 2700 771 2782 398-401,
793 2699 847 2762 uhi
866 2692 1153 2763 Ηον1.Ἀθετοῦνται
1165 2695 1238 2782 pand

129 2798 312 2887 ἀστερίσκων
343 2799 387 2876 ὡς
411 2798 486 2884 [ins.
510 2799 559 2886 ἐκ]
589 2810 648 2867 τῶν
676 2803 747 2887 ἑξῆς
777 2797 1021 2886 μετενηνεγμένον
1046 2799 1103 2884 [-
1123 2798 1236 2885 pared]

128 2904 262 2970 Scilicet
284 2906 439 2969 iterantur
461 2926 509 2969 vs.
521 2907 596 2987 430,
627 2907 681 2968 ubi
704 2906 892 2970 adnotatur:
917 2901 962 2969 ὅτι
979 2903 1007 2969 οἱ
1026 2903 1088 2968 ἅνω
1110 2925 1237 2986 κατενη-

129 3005 257 3092 νεγμένοι
280 3006 357 3092 [μετ.
372 3007 507 3093 Buttm]
536 3005 614 3074 siaiu.
648 3008 697 3073 Ex
721 3008 864 3073 Crameri
886 3007 1010 3071 Aneed.
1033 3006 1106 3071 Par.
1129 3004 1165 3069 Τ.
1186 3004 1236 3070 lll.

128 3132 159 3194 p.
181 3113 255 3176 485.
278 3131 363 3176 nunc
386 3111 541 3175 docemur
570 3113 680 3176 verbis
703 3132 745 3176 ex
774 3111 862 3175 Harl.
893 3111 1055 3194 excerptis
1078 3109 1237 3192 praemitti

128 3215 159 3276 in
180 3214 293 3278 codice
307 3215 425 3279 hacce:
449 3210 619 3280 ἀθετοῦνται
633 3212 681 3280 διὰ
696 3214 731 3279 τὸ
745 3211 822 3300 ἦθος
834 3212 878 3288 ὡς
896 3212 1018 3280 ἕκαστον
1033 3208 1183 3286 ἐπεξιέναι.
1195 3212 1237 3261 -’-

128 3317 207 3381 ltem
229 3317 347 3402 Odyss.
370 3321 396 3398 ε,
419 3319 499 3382 495:

231 3423 328 3502 κλῦτε,
352 3416 547 3503 pilon-leid<
568 3442 616 3503 μοι
638 3416 766 3486 ἐνύπνιον
788 3417 878 3507 ἦλθεν
902 3420 1024 3506 ὄνειρος,

127 3525 183 3589 ubi
205 3522 313 3588 Schol.
339 3523 435 3590 Harl,
457 3527 552 3609 plene
581 3544 667 3588 nunc
695 3524 860 3606 vulgatum
893 3545 911 3588 a
935 3525 1088 3590 Cramero
1111 3521 1236 3591 Anecd.

127 3627 200 3690 Par.
223 3626 260 3690 Τ.
284 3625 334 3690 lll.
358 3649 388 3711 p.
411 3629 493 3692 490:
516 3626 660 3694 ἆθετεῖται
682 3623 726 3701 ὡς
748 3623 783 3690 ἐκ
804 3634 857 3710 τῆς
875 3621 1002 3699 Ἰλιάδος
1026 3622 1070 3708 [β,
1092 3621 1150 3708 56]
1179 3645 1236 3707 με·
1345 3607 1352 3629 ⁸

127 3726 346 3815 τενηνεγμένος·
369 3736 482 3815 γελοῖον
513 3730 547 3796 δὲ
569 3727 657 3795 εἰπεῖν
680 3727 730 3792 καὶ
755 3727 804 3792 τὸν
828 3727 857 3793 ἐν
879 3726 967 3813 λόχῳ
996 3723 1236 3792 summoueret·

128 3828 203 3897 tat
224 3836 301 3914 νοῦς,
325 3831 408 3909 θεῖός
430 3857 478 3919 μοι
501 3834 612 3918 ὄνειρος
638 3829 748 3917 ἐφάνη·
772 3830 875 3896 λοιπὸν
896 3828 934 3894 τὰ
955 3826 1038 3914 παρὰ
1052 3830 1104 3895 τοῦ
1122 3824 1235 3913 ὀνείρου

128 3931 254 4021 ῥηθέντα
276 3934 387 4019 ἐπάγει,
411 3935 511 4023 ἐπειδὴ
534 3945 593 4001 τῶν
614 3945 694 4021 νηῶν
717 3928 823 4019 co'p’p‘to
850 3933 948 4016 ἔσμεν,
977 3928 1095 4020 ἀπέλθῃ
1122 3956 1164 4006 τις
1187 3930 1237 3999 καὶ

128 4038 260 4124 εἴπῃνῷ
278 4034 472 4125 Ἀγαμέμνονι
493 4039 613 4115 πλείους
633 4039 700 4124 ἡμῖν
722 4035 783 4103 ἀπὸ
805 4044 865 4101 τῶν
888 4043 962 4100 νεῶν
983 4031 1097 4120 πέμψαι
1115 4032 1235 4120 σομμά·
1295 4108 1302 4113 ⁴

115 4160 211 4224 ·χοος,
234 4140 281 4208 ἵνα
303 4145 343 4229 μὴ
365 4138 524 4229 πόρρωθεν
547 4141 627 4217 ὄντες
648 4151 707 4207 τῶν
740 4138 899 4225 ὁμοφύλων
913 4134 1015 4222 ὀλίγον
1045 4136 1235 4224 ὑπάρχοντες,

118 4244 283 4331 7βλαβῶμεν
316 4243 374 4313 ὑπὸ
399 4255 465 4313 οῖον
497 4246 654 4333 πολεμίων.
703 4243 837 4310 Scilicet
867 4245 978 4308 versui
1003 4244 1126 4310 wobelus
1160 4263 1234 4308 cum
