2902 4822
759 420 837 498 114

325 605 364 684 β)
385 607 463 693 πρὸς
473 607 524 693 τλμ
536 615 588 675 τοῦ
607 618 730 694 ποιητοῦ
744 612 908 697 συνήθειαν,
931 617 1056 685 scilicet
1069 623 1102 687 in
1115 632 1351 716 cenomania,

237 712 393 795 numquid
406 734 448 777 ex
464 715 698 783 cousuetudine
715 714 846 781 Homeri
866 731 954 784 recte
970 726 1111 806 positum
1126 731 1178 794 sit.
1212 733 1351 817 Apollo-

235 815 309 880 nius
331 815 409 882 Lex.
438 816 532 882 llom.
564 839 595 901 p.
625 818 698 881 693.
730 817 816 899 Tou,
845 815 1046 912 Ἀρίσταρχος
1076 835 1274 916 σεσημείωται
1305 835 1357 903 te

235 919 374 1004 συνήθως
396 918 491 1004 φόβος
512 919 561 987 ἐπὶ
581 929 635 1006 τῆς
667 929 772 1007 φυγῆς,
802 925 854 988 λίο
876 937 983 993 tamen
1006 954 1070 998 non
1101 949 1252 1004 accurate
1274 941 1350 1007 Ari·

233 1026 355 1090 starchi
377 1038 515 1092 mentem
537 1026 689 1106 reddens,
713 1027 872 1110 siquidem
894 1051 1007 1098 verum
1029 1050 1081 1102 est
1103 1042 1355 1125 quodadlliad·

231 1154 262 1216 ιι,
280 1133 331 1216 10,
354 1136 407 1198 cui
429 1131 515 1216 dipla
534 1150 613 1213 pura
637 1129 801 1213 adscripta
816 1143 877 1215 est,
899 1135 941 1198 ab
955 1138 1143 1209 Aristonico
1155 1146 1345 1215 adnotaturt

230 1235 403 1324 τρομέοντο]
426 1233 470 1302 ότι
490 1232 660 1319 Ζηνόδοτος
681 1229 789 1320 γράφει
811 1234 969 1319 φοβέοντο·
995 1242 1047 1307 τὸν
1077 1245 1111 1310 δὲ
1137 1245 1231 1331 φόβον
1252 1251 1350 1331 εἴωθα,

229 1340 323 1426 λέγειν
338 1341 480 1427 Ὅμηρος
500 1339 550 1423 τὴν
572 1335 645 1422 μετὰ
667 1346 763 1424 φυγῆς
785 1341 931 1406 δειλίασιν.
976 1345 1092 1413 Melius
1122 1352 1175 1415 hio
1202 1354 1349 1423 fortasse

228 1457 401 1532 punctatae
424 1444 529 1528 diplae
552 1445 680 1529 signum
710 1453 844 1527 propter
865 1444 1068 1514 Zenodotum
1098 1453 1249 1534 haberet:
1282 1462 1341 1525 sed

226 1553 260 1615 in
283 1553 401 1616 ceteris
423 1550 516 1629 locis,
553 1547 671 1641 quibus
700 1542 805 1628 φόβος,
835 1548 992 1628 φοβεῖσθαι
1022 1565 1055 1618 et
1076 1554 1223 1638 φέβοσόατ
1244 1562 1343 1649 fugae

226 1657 439 1742 significatum
462 1653 591 1732 habent,
615 1650 780 1734 congestis
802 1670 821 1713 a
843 1650 981 1718 Lehrsio
1003 1676 1034 1740 p.
1058 1661 1100 1724 89
1114 1681 1182 1746 sq„
1205 1678 1341 1750 propter.

224 1761 309 1824 hauc
331 1758 524 1823 Homericae
546 1754 696 1818 dictionis
725 1754 956 1836 proprietatem
990 1760 1076 1843 dipla
1105 1785 1186 1847 pura
1207 1771 1338 1852 appicta

224 1865 394 1948 reperitur.
431 1861 541 1944 Atque
553 1856 640 1940 dipla
652 1874 782 1939 quoque
796 1877 877 1939 pura
891 1877 1161 1931 commemoratur
1180 1870 1213 1933 in
1224 1870 1338 1942 Sclrol.

223 1970 266 2032 A.
288 1967 328 2031 ad
350 1967 459 2031 locum
481 1963 675 2028 simillimum
697 1983 726 2042 σ,
748 1962 823 2043 247,
852 1962 908 2026 ubi
929 1985 990 2047 pro
1010 1966 1130 2053 τρόμος,
1152 1975 1240 2056 quod
1263 1978 1342 2041 Ari-

222 2072 373 2137 starchus
394 2068 566 2148 tutabatur,
590 2064 777 2128 Zenodotus
801 2066 918 2130 dicitur
940 2066 1035 2150 φόβος
1058 2072 1189 2158 legisse,
1219 2075 1336 2161 ἀγνοῶν

221 2173 266 2241 ὅτι
288 2173 383 2260 φόβος
406 2170 467 2238 ἐστὶ
488 2171 560 2235 καθ’
575 2167 713 2253 Ὅμηρον
735 2169 755 2252 ἡ
777 2167 850 2253 μετὰ
879 2168 967 2246 δεόυς
994 2177 1089 2261 φυγή·
1122 2178 1168 2244 διὸ
1190 2181 1211 2266 ἡ
1233 2183 1333 2270 διπλῆ.

221 2279 341 2345 Contra
373 2297 451 2343 vero
481 2275 687 2339 Aristonicus
717 2274 758 2337 ad
786 2299 817 2358 μ,
845 2275 925 2338 346:
959 2276 1091 2364 ἡόιπλῖη
1113 2284 1336 2372 περιεστιγμένη

219 2384 297 2471 πρὸς
319 2379 482 2467 Ζηνόδοτον
505 2376 548 2443 ότι
567 2379 662 2442 ἔοικεν
685 2374 867 2461 ἐξειληφόναι
892 2377 926 2442 τὸ
950 2377 1013 2445 ὧδε
1031 2392 1179 2462 τοπικῶςέ
1212 2387 1277 2453 ἔστι
1297 2386 1339 2455 dl·

115 2500 117 2506 '
218 2487 281 2555 ἀντὶ
301 2494 353 2552 τοῦ
384 2485 478 2564 odem,
512 2484 566 2567 qui
589 2501 669 2544 usus
699 2481 732 2543 in
765 2482 906 2567 συνηθείᾳ
934 2482 1067 2550 Homeri
1091 2498 1161 2551 tum
1184 2490 1225 2553 ab
1258 2491 1331 2556 Ari·

218 2593 349 2660 starcho
372 2600 439 2654 tum
462 2608 480 2650 a
503 2587 620 2650 ceteris
643 2587 857 2668 grammaticis
879 2588 1026 2673 refertur,
1050 2611 1080 2654 v.
1093 2591 1256 2680 Pluygers
1279 2592 1331 2663 De

216 2697 376 2763 Zenodoti
398 2693 448 2756 ed.
480 2710 577 2754 carm.
600 2688 844 2753 Homericorum
871 2712 902 2774 p.
932 2693 962 2754 2.
1004 2694 1095 2758 lliad.
1117 2719 1145 2778 γ,
1169 2698 1228 2763 lo:
1260 2693 1328 2765 Eia?

218 2803 305 2889 ὄρεος
327 2777 489 2883 κορυφῇσι]
514 2792 563 2858 διὰ
583 2800 637 2857 τοῦ
658 2799 673 2855 ἐ
696 2791 725 2856 αἱ
744 2787 944 2877 Ἀριστάρχου
966 2794 1001 2861 τὸ
1031 2793 1105 2880 τότε,
1127 2796 1234 2864 καὶτὸ
1257 2799 1329 2869 ἀεὶ.

217 2906 297 2992 poet
317 2926 374 2969 που
397 2897 552 2983 λεγόμενον
575 2902 640 2982 „cui
662 2889 687 2961 δ’
715 2894 781 2961 εὖτε
802 2895 895 2982 πτερὰ
916 2898 1043 2980 γίνεται(
1068 2902 1172 2976 (Iliad.
1197 2926 1231 2985 τ,
1245 2905 1331 2987 386)

215 3007 278 3077 ἀντὶ
299 3016 350 3074 τοῦ
383 3000 427 3079 ὡς
455 2999 550 3086 πτερὰ
577 2998 684 3082 ἐγίνετο
709 2997 831 3085 ιἐλαφρόν
858 2999 896 3067 τὰ
923 3009 977 3067 τοῦ
996 2999 1158 3086 Ἡφαίστου
1180 3005 1261 3074 ὅπλα
1281 3017 1327 3098 τῷ

210 3109 363 3197 Ἀχιλλεῖ·
386 3107 414 3174 ἐν
437 3105 525 3178 ἐνίαις
548 3103 582 3167 δὲ
603 3113 661 3168 τῶν
680 3101 845 3185 ἐκδόσεων,
875 3113 912 3192 τῇ
933 3130 964 3170 τε
985 3109 1046 3193 Χόφι
1067 3105 1118 3173 οιαὶ
1138 3117 1176 3197 τῇ
1195 3112 1325 3180 Muccu-

212 3222 334 3304 λιωτιιιῇ
361 3212 413 3277 καί
442 3232 511 3273 τισιν
547 3209 659 3289 ἄλλοις,
692 3206 726 3273 ἐκ
757 3208 891 3292 πλήρους
919 3206 1078 3294 γέγραπται
1110 3210 1203 3297 „adue
1237 3214 1328 3302 ὄρους-

211 3319 392 3408 ιιορυφῇσι“’,
413 3309 496 3397 παρὰ
516 3310 550 3376 τό
573 3309 683 3387 εἰωθὸς
699 3309 842 3396 Ὅμηρον·
864 3310 898 3376 ἐκ
919 3314 1054 3398 πλήρους
1072 3312 1130 3400 γὰρ
1149 3314 1324 3402 cupium

211 3421 333 3512 γράφειν
355 3420 451 3506 ὄρεος.
496 3415 586 3481 Haec
608 3437 649 3481 ex
680 3415 808 3500 Didymi
832 3416 1037 3483 adnotatione
1059 3418 1246 3497 afferuntur.
1286 3423 1322 3489 ln

211 3538 365 3593 contextu
387 3523 493 3607 diplae
515 3522 642 3605 signum
665 3520 847 3602 appositum
870 3530 930 3585 est.
975 3521 1071 3585 Adde
1092 3543 1121 3604 γ,
1145 3523 1201 3587 18..
1239 3523 1328 3608 Spe·-

210 3634 320 3703 oiosus
341 3631 447 3708 locus,
472 3626 505 3689 in
527 3632 681 3688 contextu
702 3620 783 3688 Ven.
806 3622 893 3706 dipla
914 3633 1055 3707 notatus,
1078 3647 1108 3706 τι,
1129 3627 1211 3692 408:
1312 3636 1320 3702 J

312 3741 379 3808 πῶς
402 3723 428 3796 d'
450 3727 480 3794 αἱ
500 3734 559 3791 τῶν
582 3725 681 3790 ἄλλων
704 3721 818 3809 Τρώων
840 3726 971 3808 φυλακαί
990 3749 1023 3790 τε
1044 3724 1094 3792 καὶ
1115 3725 1205 3810 εὐναί,

211 3836 320 3903 Schol.
343 3837 383 3900 A.
406 3833 426 3919 ἡ
449 3830 501 3916 μὲν
525 3827 654 3901 σύνταξις
676 3825 806 3911 ἐπιζητεῖ
827 3835 894 3904 πῶς
917 3831 944 3893 δ’
967 3828 1008 3911 αἱ,
1030 3828 1063 3894 τό
1087 3830 1117 3897 αἱ
1143 3831 1272 3918 ἄρθρον·
1299 3833 1318 3901 ό

210 3940 243 4009 δὲ
264 3939 464 4026 Ἀρίσταρχος
494 3932 547 3996 δύο
576 3927 729 4014 παρέλαβε
750 3929 1001 4016 χαρακτηριστικὰ
1020 3940 1072 3997 τοῦ
1093 3942 1227 4020 ποιητοῦ,
1260 3939 1323 4004 ils·

205 4048 297 4130 λσιψιν
326 4043 440 4127 ἄρθρου
470 4033 519 4099 καὶ
540 4040 592 4098 τοῦ
615 4033 664 4099 δαί
691 4033 819 4107 σόνταξιν
841 4032 915 4119 μετὰ
942 4034 976 4099 τὸ
1004 4035 1119 4122 πύσμα·
1140 4036 1238 4114 οότιυς
1257 4037 1318 4126 γὰρ

205 4145 289 4234 αὐτῷ
309 4146 400 4217 ἔθος·
430 4145 509 4221 ,ποῦ
532 4136 581 4203 δαὶ
609 4146 680 4221 νηός
709 4137 838 4223 ἕστηκειι
861 4139 996 4224 (Odyss.
1019 4164 1057 4223 o,
1079 4143 1149 4225 24)·
1178 4143 1245 4226 ,τίς
1266 4141 1315 4209 δαὶ

203 4245 329 4335 ὅμιλος(
351 4244 485 4329 (odyss.
507 4263 538 4323 α,
560 4242 649 4323 225).
694 4239 753 4323 De„
774 4260 840 4327 quo
862 4242 937 4309 loco
967 4243 1184 4329 Appollonius
1210 4245 1312 4333 Dysc.
