2902 4822
643 458 728 547 'wi

131 661 163 722 in
185 657 482 743 proemiooarmen
504 680 602 724 unum
624 660 891 727 Musisedieatum
914 660 1156 746 deprehendere
1179 660 1241 724 sihi

131 765 196 828 visi·
213 776 334 846 essent,
364 764 452 847 quod
474 764 527 826 vel
562 784 632 829 eam
654 765 696 829 ob
714 761 877 830 ἴοὐιιεεοιιι
907 766 1010 829 solam
1029 764 1155 829 admitti
1177 783 1243 826 non

130 877 248 951 potest,
272 860 360 953 duod
382 867 495 931 eadem
516 879 703 953 argumenta
720 871 758 932 ·in
780 889 821 932 eo
842 870 915 932 sine
947 869 1032 932 iusta
1054 869 1178 932 ratione
1200 864 1241 930 ad
1353 903 1361 912 -

130 987 284 1032 nauseam
316 989 423 1054 usque
445 973 617 1036 iterantur.
649 973 725 1037 ¹Sed
748 984 784 1037 ut
807 972 944 1055 iungunt
973 981 1025 1035 est
1053 971 1132 1037 haee
1155 987 1242 1055 quae

130 1072 201 1134 sine
219 1071 326 1137 studio
350 1078 383 1136 et
403 1075 450 1138 ira
472 1075 543 1140 v'iro
561 1078 774 1162 sagacissimo
791 1077 921 1158 obiioio,
945 1075 985 1140 ad
997 1075 1241 1161 persuasionem

131 1176 270 1238 omniurn
290 1181 453 1263 persequi,
478 1181 511 1244 id
530 1164 616 1265 q⁴uod
637 1181 774 1244 alienum
801 1180 844 1245 ab
855 1181 920 1244 hoo
934 1178 1017 1243 looo'
1028 1179 1168 1262 videtur,
1197 1179 1240 1241 ita

130 1279 336 1370 coniecturae
358 1286 546 1366 propositae
569 1285 648 1349 satis
671 1304 756 1348 nuno
778 1282 1039 1349 habeoalterarn
1061 1298 1241 1366 opponere,¹

129 1384 192 1446 hoo
211 1403 311 1447 unum
324 1387 497 1471 praetatus,
512 1387 609 1472 ·quod
627 1397 663 1452 ut
682 1387 723 1452 ad
745 1383 977 1472 infringendam
990 1385 1174 1467 Muetaeiiii‚
1198 1387 1241 1448 ita

130 1487 169 1549 ad
194 1487 442 1553 confirmandam
465 1493 657 1556 sententiam
680 1511 783 1556 meam
805 1491 903 1573 vaiet,
926 1492 958 1554 in
980 1491 1053 1574 ipso
1072 1489 1240 1574 prooemio

131 1591 264 1674 reperiri
286 1591 388 1675 iocos,
402 1596 531 1678 ⁴tpriiurs
552 1596 586 1659 id
609 1596 650 1659 ad
674 1595 929 1680 praeludendum
946 1595 1010 1677 ipsi
1032 1592 1242 1678 'l'ir'eogoniae

128 1692 202 1758 loco
225 1697 484 1781 introductionis,
519 1693 582 1784 qua
604 1711 829 1786 argumentum
851 1699 994 1763 breviter
1023 1707 1097 1760 ante
1120 1695 1241 1778 signifi·

129 1808 268 1881 caretur,
299 1819 414 1865 revera
448 1804 662 1887 compositum
693 1821 779 1870 esse·
801 1803 1000 1869 ostendatur.
1045 1799 1131 1882 Quid
1155 1799 1240 1863 enim

129 1901 214 1965 aliud
247 1915 355 1968 sonat·
371 1906 462 1990 quod
491 1916 541 1975 vs
560 1909 603 1971 11
640 1909 789 1978 dicuntur
810 1907 924 1972 Musae
955 1914 1052 1970 oantu
1072 1903 1242 1969 eeiebraro

129 2004 249 2088 lovem,
272 2007 426 2074 iunonem
449 2019 523 2076 euni
544 2012 663 2078 ceteris
678 2012 742 2078 diis
758 2010 958 2096 deabusque,
982 2026 1120 2094 quorum
1142 2006 1245 2071 indioiv

130 2110 345 2176 subiiciuntur
366 2135 415 2179 νε.
438 2116 500 2180 20:

284 2211 419 2284 Γαῖάνά
440 2212 583 2286 Ὠκεανόν
599 2243 636 2286 τε
657 2215 795 2305 μέγαν
768 2223 820 2284 ναὶ
840 2215 941 2283 uteru
961 2214 1108 2301 μέλαιναν,
1162 2237 1186 2260 ’·
1229 2248 1244 2282 ··.

283 2319 383 2387 ἄλλων
404 2320 433 2387 τ’·
452 2319 609 2390 &metron
630 2324 709 2410 ἱερόν
730 2321 814 2408 γόνος
835 2319 897 2387 &ev
920 2319 1046 2403 ἐόντων,
1066 2340 1080 2357 ‘¹

129 2423 246 2508 quibus
269 2436 372 2490 totum
393 2427 472 2492 iilud
494 2439 637 2514 systema
661 2429 798 2494 deorum
826 2428 868 2491 ab
889 2425 1243 2509 Hesiodoexpositum·

128 2526 309 2593 includitur.
359 2530 483 2616 Atque·
499 2533 595 2597 simul
625 2530 967 2617 commemorande
999 2537 1073 2594 ortu
1106 2529 1244 2594 deorum

128 2635 360 2697 enarrationem
384 2635 528 2702 voluisse
551 2649 690 2721 poetam,
713 2639 784 2721 ipse
807 2635 947 2700 ostendit
968 2654 1018 2699 vs.
1041 2634 1101 2697 30:

384 2772 407 2778 ff
511 2753 514 2757 '
540 2737 712 2807 ἐνέπνευσαν
736 2737 842 2825 δόμοι
863 2736 956 2825 aiddu
1079 2745 1081 2748 ’

278 2842 379 2926 θείην,
402 2840 447 2918 ὡς
469 2842 650 2929 ιιλείυιμιτά
674 2839 698 2908 τ’
722 2841 869 2928 ἐσσόμενα
889 2838 949 2928 πρό
972 2836 995 2906 τ’
1020 2837 1114 2923 ἐόντα,
1242 2898 1246 2906 .

281 2946 332 3010 καί
353 2968 390 3031 για
387 2941 564 3013 ·‘utitont’
551 2957 659 3032 υμνεῖν
667 2945 811 3034 γιαιιάρων
833 2945 918 3030 γένος
939 2945 1000 3012 αἰὲν
1023 2944 1141 3012 ἐόντων.
1235 2964 1238 2969 ’

126 3045 207 3112 Turn
246 3050 361 3181 idern
363 3053 460 3115 etiarn
493 3051 612 3117 elarius
641 3061 866 3137 argumentum
903 3052 954 3117 his
988 3050 1179 3136 eloquutus
1188 3056 1241 3114 est

126 3173 174 3216 vs
201 3154 265 3218 42.
594 3170 598 3177 ·
747 3170 761 3187 ‘¹

505 3257 567 3324 αἱ
589 3249 617 3322 δ’
640 3257 788 3343 ἄμβροτον
807 3258 931 3324 όσσαν
922 3267 1009 3325 ιεῑσαι
1129 3257 1131 3262 ’
1242 3276 1247 3299 ²

236 3386 238 3391 ·
266 3365 360 3433 ’,θεῶν
382 3359 479 3444 γ’ἐνος’
475 3354 617 3429 αἰδοίων
634 3371 753 3446 τρωτον
768 3360 919 3429 κλαίουσιν
941 3360 1095 3450 όιοιδῆ
1233 3408 1237 3416 .

226 3487 235 3504 2
281 3462 313 3538 ἐξ
331 3461 618 3552 &munitium
639 3488 679 3531 κα
678 3463 848 3552 ἐθόρσνὸς
869 3463 959 3550 εὖρός
979 3468 1103 3549 ἔτικτεν,

279 3568 312 3635 οἵ
329 3564 353 3635 τ’
375 3568 413 3635 ἐκ
432 3568 745 3655 τῶνέγένοντοῑόεόό,
768 3572 901 3655 δωτῆρες
922 3567 1010 3636 ἐάων.
1059 3586 1072 3613 ··
1100 3586 1134 3602 ’·’
1223 3590 1248 3599 “

278 3672 414 3761 δεύτερον
435 3673 505 3740 τότε
525 3671 717 3760 Ζῆνα,’ἐειῖιν
739 3667 839 3758 πατέρ’
862 3671 919 3758 ἠδὲ
940 3671 993 3738 καὶ
1012 3671 1146 3760 όινόρῶν,Ι
1216 3704 1218 3709 ’
1242 3710 1248 3719 -

280 3774 444 3863 ἀρχόμεναι
466 3772 495 3844 θ’
519 3779 636 3863 ὑμνεῦσι
657 3774 727 3842 osai
748 3776 892 3861 λήγουσαί
911 3771 935 3841 τ’
958 3773 1079 3863 ἀοιδῆς,

277 3874 366 3947 ὅσσον
388 3880 534 3969 φέρτατός
558 3880 618 3948 ἐστι
639 3885 720 3947 θεῶν
742 3877 847 3967 κράτεΐ
866 3903 898 3945 τε
919 3878 1060 3966 μέγιστος.

276 3983 356 4060 αότις
378 3979 405 4050 δ’
429 3984 598 4070 ἀνθρώπων
619 4006 652 4050 rr
673 3982 757 4069 γένος
779 3993 930 4071 κρατερῶν
945 4000 984 4050 ’τε
1003 3981 1143 4068 γιγάντων

276 4088 420 4172 ὑμνεῦσαι
433 4088 573 4175 τέρπουσι
593 4087 665 4163 Διός
685 4085 753 4155 νόον
776 4086 858 4163 ἐντὸς
876 4082 1033 4174 Ὀλόρτου
1079 4123 1082 4131 ·

276 4195 392 4260 Μοῦσαι
410 4187 624 4279 Ὀλυμπιάδες,
647 4199 753 4277 κοῦραι
774 4191 845 4267 Διὸς
862 4189 1021 4277 αἰγιόχοιο.

122 4293 224 4394 Etiam
254 4297 388 4363 elanus·
403 4297 605 4384 supradixi·
619 4298 659 4362 in
680 4295 730 4362 iris
760 4306 877 4382 poetae
898 4297 1069 4365 eonsilium
1085 4297 1234 4379 indicari,
