2902 4822
696 458 773 536 183

179 643 197 714 ὁ
220 651 254 716 δὲ
271 645 473 738 Ἀρίσταρχός
495 675 635 735 φησι...
659 653 675 718 ό
700 652 734 718 δὲ
756 651 883 734 Δίδυμος
905 658 966 714 eto.
990 650 1175 736 ibidemque
1197 670 1289 717 moxr

178 757 309 837 Ζητεῐται
330 757 358 819 τί
379 756 489 838 δίμτοτε
511 753 528 819 ό
552 759 697 841 Πίνδαρος
714 751 919 839 Ὀλυμπιακὸν
945 751 1030 837 ὕμνον
1052 750 1176 838 γροίιρων
1199 755 1290 838 εὔχε-

176 882 224 924 ται
244 869 306 934 τοῖς
327 858 499 943 Διοσκόροις
520 871 677 944 προσηνεῖς
697 868 734 946 τῇ
757 857 825 944 Codri
853 854 1008 940 γενέσθαι.
1024 907 1057 922 ..
1093 858 1291 943 Ἀρίσταρχος

177 963 233 1045 μὲν
251 961 301 1028 οόν
332 964 383 1046 τἠν
410 959 534 1045 ἀπορίαν
564 963 691 1028 διαλύων
721 972 783 1028 etc.
814 962 866 1026 vel
897 962 979 1028 Nem
1007 961 1044 1044 ΙΙ,
1070 963 1126 1026 193
1160 964 1291 1045 Ζητείται

177 1066 253 1130 διατί
272 1062 310 1128 τὰ
331 1063 398 1147 περὶ
425 1065 573 1146 Σαλαμῖνα
595 1062 636 1138 εἰς
664 1065 733 1140 τοὺς
761 1063 829 1148 περὶ
852 1061 1021 1150 Τιμόδημον
1046 1061 1154 1146 λόγους
1183 1072 1287 1149 παρῆ-

176 1191 308 1234 κται...
339 1163 538 1251 Ἀρίσταρχος
567 1167 618 1250 μὲν
649 1165 699 1233 οὖν
721 1177 774 1253 τῆς
798 1162 963 1242 Ἀιαντίδος
985 1170 1082 1252 ιρυλης
1111 1164 1201 1250 εἶναι,
1232 1165 1289 1234 οὒκ

176 1267 281 1355 ὀρθῶς
314 1267 348 1335 δέ
379 1291 482 1352 φησιντ
516 1290 580 1334 non
605 1284 711 1355 potest
734 1293 799 1337 nen
821 1276 915 1355 sumi,
944 1277 1007 1339 ista
1028 1274 1069 1337 ab
1099 1275 1288 1339 auctorein

175 1380 478 1440 commentariorum
512 1379 544 1440 in
570 1376 743 1441 Pindarum
767 1378 1025 1459 conscriptorum
1055 1397 1165 1460 opere,
1201 1376 1289 1460 quod

175 1483 281 1564 ipsum
299 1492 470 1545 contextus
490 1482 671 1565 exemplum
691 1485 899 1547 comitaretur
923 1494 1058 1560 tractata
1078 1504 1164 1551 esse.
1205 1483 1289 1550 Nam

174 1583 359 1667 glossarum
392 1583 487 1647 medo
520 1585 583 1648 ista
616 1587 780 1649 contextui
809 1586 935 1650 adiecta
966 1587 1084 1666 fuisse,
1118 1607 1184 1652 nen
1213 1587 1288 1651 sinit

174 1688 319 1769 cogitare
355 1687 511 1770 prolixior
541 1702 803 1772 argumentorum
837 1692 1007 1773 expositio,
1039 1701 1105 1754 tum
1137 1711 1179 1754 ex
1206 1690 1288 1759 locis

173 1790 311 1855 laudatis
334 1801 402 1854 tum
425 1809 466 1853 ex
489 1792 616 1873 ceteris,
653 1792 770 1876 quihus
793 1793 961 1860 breviores
992 1795 1157 1880 longiores
1172 1795 1288 1879 expli*

174 1899 319 1961 cationes
354 1897 556 1977 exhibentur,
589 1898 835 1981 cognoscenda:
860 1899 987 1984 Olymp.
1023 1901 1060 1984 ΙΙ,
1086 1902 1135 1966 16.
1159 1903 1209 1965 29.
1233 1903 1284 1970 58.

172 2003 227 2066 aa.
252 2003 321 2064 113.
347 2000 396 2082 111,
420 2002 471 2064 41.
503 2002 557 2067 46.
579 2002 629 2065 ee.
663 2001 702 2083 v,
728 2004 756 2064 1.
791 2004 842 2066 νο.
866 2005 917 2067 νυ.
950 2004 1003 2086 νι,
1028 2006 1080 2072 aa.
1115 2007 1285 2072 152158.

173 2107 242 2189 Vll,
269 2109 317 2172 19.
342 2108 392 2171 66.
415 2109 466 2171 95.
492 2108 563 2170 117.
597 2107 680 2189 Vlll,
704 2109 736 2174 4.
757 2108 813 2191 Xl,
839 2110 887 2173 15.
924 2109 1012 2192 XlV,
1036 2112 1087 2175 26.
1130 2110 1223 2196 Pyth.
1246 2110 1285 2194 ΙΙ,

175 2213 245 2277 tut.
283 2209 337 2292 lV,
363 2213 412 2274 14.
449 2210 514 2290 Vll,
540 2213 589 2274 17.
624 2211 765 2295 Neml,
788 2213 818 2276 3.
841 2214 893 2276 38.
916 2214 968 2278 49.
1002 2214 1039 2292 ΙΙ,
1063 2215 1283 2296 9.111,1.1u

172 2316 243 2378 129.
278 2313 332 2395 lV,
357 2316 385 2377 3.
409 2317 459 2377 53.
495 2312 548 2394 Vl,
572 2316 622 2378 21
647 2313 715 2396 ΙΙΙΙ,
746 2315 798 2378 47.
830 2316 881 2378 56.
905 2317 956 2379 70.
992 2317 1062 2380 127.
1108 2317 1218 2382 lsthm.
1241 2318 1280 2399 ΙΙ,

168 2418 265 2482 inser.
288 2417 342 2500 Vl,
353 2419 406 2482 23.
424 2420 475 2482 55.
510 2361 770 2502 Designandtis'
761 2419 904 2501 inprimis
929 2430 979 2482 est
1002 2419 1128 2504 Olymp.
1152 2420 1189 2502 ΙΙ,
1203 2423 1281 2486 102·
1356 2423 1365 2430 ’

163 2516 363 2607 Ἀρίσταρχος
386 2521 528 2605 ἐξηγεῖται
550 2520 663 2596 οὕτως·
686 2521 719 2586 εί
731 2545 774 2596 τις
796 2516 912 2585 οἶδε
883 2545 917 2585 το
943 2518 1050 2606 μέλλον
1074 2535 1134 2587 etc.
1177 2468 1281 2590 ilabe-

167 2648 239 2692 mus
270 2628 366 2710 igitur
388 2629 636 2691 commentarios
671 2629 701 2690 in
731 2625 905 2690 Pindarum
929 2628 1081 2710 scriptoS,
1113 2629 1228 2712 quibus
1252 2631 1280 2694 si

168 2730 240 2813 quis
263 2730 376 2793 credat
399 2730 556 2794 lectiones
579 2730 651 2796 illas
674 2731 898 2796 Aristarchum
928 2752 1005 2795 suas
1037 2734 1280 2815 exprompsisse

168 2853 281 2898 omnes
298 2847 344 2898 vet.
367 2834 573 2918 explicuisse,
605 2836 633 2898 is
656 2834 767 2899 Schei.
791 2834 898 2899 lsthm.
923 2833 962 2916 V,
986 2836 1028 2898 47
1052 2836 1135 2916 (30),
1159 2836 1276 2900 collato

166 2937 357 3001 edocebitur
379 2940 603 3004 Aristarchum
627 2939 799 3002 editionem
816 2942 1030 3004 concinnasse
1047 2960 1182 3023 eamque
1194 2941 1279 3002 notis

166 3038 286 3102 criticis
317 3039 520 3104 distinxisse:
559 3039 608 3105 καί
636 3040 685 3104 τόν
721 3039 863 3122 βουβόταν
895 3042 976 3127 οὔρει
1004 3041 1067 3107 ἴσον
1102 3038 1276 3125 Φλέγραισιν

166 3141 263 3228 εὑρὼν
289 3138 453 3230 Ἀλκυονῆ]
484 3153 574 3210 ταῦτα
607 3144 782 3230 ἀπήρτισται
802 3147 836 3211 τό
867 3143 1052 3230 κατάλληλον
1082 3143 1139 3210 οὐκ
1160 3146 1277 3228 ἔχοντα,

166 3245 244 3331 ἃδὴ
269 3245 506 3335 ὁἈρίσταρχος
533 3259 714 3334 σημειοῦται·
749 3247 799 3313 καὶ
831 3246 899 3313 εἰσὶν
929 3247 961 3313 οἳ
987 3244 1146 3332 κεχιοίσδαι
1177 3252 1276 3333 φασίν,

166 3349 210 3418 ὅτι
231 3349 315 3426 ἰδίως
338 3349 528 3436 ἐπιβέβληκεν
553 3353 597 3429 ὡς
619 3353 648 3418 ἐν
672 3357 813 3439 διαστολῇ
833 3361 884 3418 τοῦ
915 3351 971 3418 οὐκ
1004 3352 1161 3436 ἐφείσατο·
1192 3341 1277 3420 Ἀλλ’

165 3451 307 3520 Αἰακίδαν
337 3450 468 3520 καλέων·
496 3454 665 3542 ἀνατρέχων
698 3456 746 3522 ἐπὶ
772 3458 822 3542 τὴν
854 3456 949 3542 ἀρχὴν
971 3466 1025 3542 τῆς
1052 3458 1190 3542 ἱστορίας.
1221 3455 1276 3527 οὐκ

166 3559 227 3627 ἐστὶ
254 3559 288 3624 δὲ
309 3559 394 3642 ἴδιον,
421 3558 511 3627 ἐάνό
543 3561 622 3629 ἀλλά
644 3563 705 3630 ἀντὶ
733 3572 784 3629 τοῦ
808 3565 844 3648 δὴ
866 3560 1028 3647 τάσσηται·
1061 3559 1214 3628 Ἀιακίδαν
1239 3566 1276 3647 δὴ

165 3667 278 3729 καλῶν·
301 3672 348 3729 νῦν
372 3664 495 3748 ἄρχεται
516 3675 575 3730 τῶν
598 3664 646 3731 ἐπὶ
667 3663 786 3751 μέρους,
810 3666 942 3751 ἀκριβῶς
964 3668 999 3732 τό
1022 3665 1091 3732 όλον
1109 3665 1277 3751 προεκδείς.

166 3766 265 3852 igitur
287 3770 315 3832 si
339 3788 403 3831 uon
432 3769 503 3834 aliis
531 3772 650 3855 siguis,
685 3783 773 3834 certe
803 3771 945 3834 chiasmo
976 3770 1037 3851 (X)
1068 3769 1277 3836 Aristarchus

166 3875 197 3935 ie
231 3873 380 3956 exemplo
420 3873 552 3938 Pindari
593 3893 654 3939 suo
689 3895 767 3939 usus
803 3886 920 3938 estet
953 3892 992 3937 ea
1023 3872 1151 3957 quidem
1187 3883 1278 3954 pete·

165 3986 259 4057 state,
284 3989 319 4040 ut
337 3980 492 4043 orationis
513 3979 671 4063 quaedam
691 3979 848 4042 anomalia
877 3990 1051 4042 notaretur.
1085 3975 1153 4042 Sed
1169 3980 1275 4047 omnia
1307 4003 1311 4008 ·

165 4080 303 4145 suadent
322 4088 360 4144 'ut
382 4082 620 4164 Aristarchum,
654 4103 748 4166 quem
772 4083 905 4149 Homeri
935 4082 1135 4167 aliorumque
1165 4096 1276 4166 poete.-

165 4194 269 4248 tarum
292 4185 449 4268 exemplis
473 4187 620 4250 notandis
644 4185 743 4249 multo
767 4185 859 4268 plura
881 4187 975 4271 sigua
1005 4187 1192 4253 adhibuisse
1215 4188 1277 4250 sei-

165 4309 249 4375 mus,
282 4291 314 4356 in
346 4291 419 4357 sela
452 4301 527 4357 neta
560 4304 592 4381 ><
626 4311 691 4361 non
731 4295 918 4383 constitisse
952 4310 1061 4386 neque
1098 4294 1276 4360 consistere
