2902 4822
694 411 772 491 245

180 607 248 670 eius
275 607 538 690 praescriptionis
567 607 661 692 origo
683 624 748 671 non
776 606 890 672 lateat:
915 607 943 688 ²)
978 605 1021 671 ad
1043 628 1139 693 quam
1161 618 1290 676 senten·

177 711 253 774 tiam
276 712 371 775 etiam
393 711 495 795 magis
518 710 768 775 confirmandam
779 711 875 775 adiici
890 721 1010 795 potest,
1034 712 1075 778 de
1088 713 1197 779 Probo
1212 733 1293 799 quo·

178 838 272 901 quam
294 817 347 881 vel
371 816 411 882 de
434 825 540 883 tantae
563 816 656 880 molis
679 815 773 901 libro,
797 816 901 901 qualis
923 826 1092 900 superstes
1123 827 1184 901 est,
1213 820 1291 886 nihil

178 932 378 1006 compertum
409 921 562 988 babuisse
592 921 761 1005 lsidorum,
791 942 890 1005 quum
913 921 953 986 de
983 923 1069 989 notis
1092 922 1291 1010 vulgaribus,

177 1046 241 1111 quo
264 1027 393 1089 nomine
414 1024 477 1090 hoo
499 1045 604 1110 genus
627 1025 913 1111 tacbygrapbieum
936 1026 1089 1112 appellat,
1117 1048 1291 1115 earumque

176 1128 361 1197 auctoribus
392 1131 539 1213 referret,
570 1129 659 1216 Orig.
691 1128 715 1213 l,
738 1130 791 1196 21.
831 1128 912 1194 Rem
935 1131 1076 1215 conficit,
1099 1132 1188 1218 quod
1208 1133 1290 1198 Pro·
1390 1166 1393 1172 ·

175 1235 251 1298 bum
266 1234 470 1298 Aneedotum
486 1233 560 1298 Par.
574 1233 682 1297 adiicit
695 1233 728 1296 in
742 1229 883 1296 notando
904 1230 1018 1297 eadem
1033 1233 1169 1318 ratione,
1193 1254 1290 1319 quam

173 1341 207 1403 in
224 1337 365 1402 Homero
377 1338 587 1402 Aristarchus
606 1335 827 1419 observasset,
850 1357 945 1402 usum
963 1357 1056 1402 esse:
1080 1356 1176 1422 quam
1187 1360 1289 1425 quum

174 1454 327 1528 appareat
354 1444 394 1508 ab
423 1443 479 1507 illo
509 1454 656 1506 notarum
678 1439 788 1506 libello
810 1440 947 1505 alienam
970 1461 1055 1525 esse,
1078 1450 1187 1506 tamen
1208 1461 1289 1508 cave

173 1549 216 1612 ita
239 1568 257 1612 a
285 1547 395 1612 Probo
425 1555 613 1630 usurpatam
642 1546 770 1629 credas,
802 1557 838 1610 ut
868 1546 908 1610 iis
931 1555 1057 1612 tantum
1083 1547 1185 1633 signis
1209 1567 1290 1612 usus

173 1664 271 1738 esset,
302 1673 386 1738 quae
408 1652 479 1717 sola
493 1651 705 1717 Aristarchus
727 1650 946 1735 adhibuisset3
970 1653 1068 1717 immo
1082 1650 1183 1718 Probi
1198 1661 1289 1717 aetas

173 1780 269 1845 quum
293 1759 325 1822 in
347 1778 386 1823 ea
408 1767 553 1841 tempora
575 1756 734 1840 inciderit,
765 1754 882 1841 quibus
904 1757 987 1821 ratio
1010 1755 1286 1822 Aristarchiorum

172 1865 338 1948 signorum
360 1865 422 1926 iam
446 1862 602 1946 quasdam
619 1861 814 1925 mutationes
832 1858 998 1943 subiisset,
1022 1858 1198 1925 admodum
1210 1879 1287 1947 pro-

171 1967 277 2033 babile
299 1967 437 2050 videtur,
460 1965 604 2031 Probum
626 1967 660 2029 in
683 1984 778 2031 usum
802 1965 941 2031 vertisse
964 1984 1038 2030 eum
1060 1965 1193 2030 notandi
1215 1985 1284 2032 mo·

171 2091 257 2154 rem,
294 2090 388 2154 quem
411 2069 514 2153 ipsius
537 2078 626 2133 aetas
661 2069 860 2153 recepisset:
895 2067 983 2151 quod
1005 2069 1051 2132 ita
1078 2088 1153 2133 esse
1175 2069 1284 2135 statim

171 2172 442 2259 comprobabitur.

246 2278 319 2344 lam
342 2299 420 2344 vero
443 2277 573 2343 Probus
596 2298 730 2363 operam
752 2297 845 2342 suam
870 2275 998 2343 dicasse
1020 2274 1158 2341 traditur
1182 2273 1287 2343 Hora·

168 2370 224 2470 tio,
246 2385 397 2450 Lucretio
421 2395 453 2450 et
476 2383 631 2470 Vergilio,
655 2403 794 2470 quorum
815 2383 960 2466 priorum
983 2381 1200 2446 denotatione
1219 2381 1285 2448 ulla

168 2490 246 2554 nihil
267 2510 329 2576 ego
350 2491 384 2552 in
407 2502 573 2573 comperto
596 2487 726 2554 aliunde
748 2488 872 2556 habeo:
889 2489 915 2569 ³)
938 2506 1045 2572 neque
1062 2485 1196 2572 Bergkii
1218 2484 1285 2552 sol·

167 2596 278 2660 1611160
311 2596 446 2681 contigit
480 2596 652 2680 quicquam
680 2597 915 2680 pervestigare,
950 2593 1038 2679 quod
1068 2604 1182 2678 poetas
1204 2591 1279 2659 illos

167 2700 249 2765 duos
273 2708 401 2765 notatos
424 2718 499 2764 esse
529 2708 714 2780 testaretur,
747 2707 837 2763 16016
869 2698 1106 2782 perspicientis,
1140 2716 1182 2761 611
1210 2697 1283 2762 sola
1338 2700 1341 2704 ’

166 2784 468 2868 commentariorum
498 2803 803 2868 commemoratione
833 2803 984 2868 concludi
1015 2803 1095 2868 nihil
1116 2822 1217 2887 posse
1239 2802 1283 2869 ad

165 2909 374 2991 notationem,
397 2907 550 2973 felicioris
573 2916 682 2972 tamen
711 2909 744 2971 in
767 2906 923 2996 Vergilio,
955 2909 995 2974 de
1019 2927 1083 2994 quo
1106 2907 1281 2993 investiga·

165 3014 205 3078 tis
228 3014 260 3077 in
282 3011 399 3078 Servio
420 3012 583 3078 nonnullis
605 3012 766 3079 adhibitae
788 3015 962 3080 notationis
984 3013 1128 3100 reliquiis
1148 3013 1280 3100 egregie

164 3122 296 3186 meritus
319 3130 369 3185 est
392 3142 424 3205 p.
448 3122 520 3185 110.
565 3121 654 3206 Quas
677 3122 854 3207 eomodo,
882 3143 946 3209 quo
968 3126 1085 3212 partim
1106 3124 1280 3192 adiuvante

164 3222 277 3288 codice
299 3222 406 3289 Servii
429 3223 616 3292 Cassellano
639 3225 801 3314 Bergkius
825 3230 1002 3315 constituit,
1030 3250 1072 3295 ex
1092 3248 1130 3296 16
1151 3241 1203 3297 661
1224 3231 1279 3298 hio

163 3339 321 3414 repetere,
345 3332 378 3394 in
399 3330 546 3397 Aeneide
568 3343 715 3417 repertas
739 3344 883 3401 cunctas.

248 3432 272 3516 l,
288 3434 347 3498 20:
374 3435 425 3498 »in
446 3433 547 3501 Pnobi
568 3436 721 3520 adpuncti
743 3448 830 3522 sunt,
853 3447 886 3505 et
905 3437 1134 3529 adnotandum,
1157 3439 1190 3507 hi
1212 3440 1278 3509 duo

161 3539 190 3602 si
212 3539 402 3624 eximantur,
425 3539 630 3605 nihilominus
654 3560 773 3606 sensus
797 3543 924 3628 integer
946 3543 1025 3625 erit,
1048 3541 1109 3606 'sed
1122 3540 1278 3629 Virgilius
1343 3592 1357 3624 ·.

213 3746 241 3814 2)
260 3744 290 3799 ln
308 3744 451 3800 codicibus
469 3746 578 3802 infimae
597 3747 696 3801 aetatis
713 3744 789 3800 Italis
807 3761 823 3800 a
840 3743 933 3800 Keilio
951 3743 1033 3803 Anal.
1052 3761 1165 3818 gramm.
1183 3766 1210 3823 p·
1233 3750 1276 3808 ts.

264 3837 305 3887 27.
319 3837 527 3890 012861016616
541 3837 614 3889 inter
635 3835 689 3890 alia
707 3836 810 3906 scripta
829 3837 1067 3904 grammaticorum
1081 3841 1273 3909 recentiorum,

265 3921 409 3990 Victorini,
426 3924 570 3989 Prisciani,
589 3924 727 3990 similium,
746 3922 819 3978 liber
828 3923 881 3978 iste
893 3924 1031 3996 reperitur
1041 3926 1191 4000 inscriptus
1212 3927 1269 3984 Va·

263 4009 326 4066 larii
336 4009 420 4066 Probi
436 4012 617 4085 qrammatici
631 4010 797 4068 nobilissimi
808 4011 843 4068 cle
860 4010 964 4086 reputa
978 4013 1052 4071 naris
1063 4024 1205 4086 notarum,
1224 4022 1272 4077 vel

268 4094 393 4154 Valeriae
407 4099 514 4154 Probra
530 4115 650 4173 pramm.
669 4098 701 4154 ate
718 4098 822 4173 repetis
841 4098 928 4165 1111111
945 4102 991 4158 vel
1010 4106 1090 4161 6116111
1108 4105 1217 4166 maa«
1234 4108 1268 4165 da

261 4183 337 4240 notis
353 4187 529 4263 antiquitatis
542 4187 701 4243 Romanae.

211 4285 239 4359 3)
257 4285 301 4342 De
320 4284 447 4347 Lucretio
466 4291 530 4349 vide
548 4291 735 4366 coniecturam
751 4291 825 4349 iufra
842 4292 866 4368 §.
884 4297 929 4356 11.
