2902 4822
688 458 766 535 1¹1⁷

171 649 289 733 diplam
311 649 520 714 Aristarchus
543 653 583 716 iis
601 652 694 734 locis,
720 651 837 736 quibus
860 651 966 736 aliqua
985 652 1025 716 dc
1037 675 1153 719 caussa
1166 657 1281 722 offensi

171 755 379 836 grammatici,
403 753 430 818 οί
452 756 631 838 χωρίζοντες
652 756 727 820 inde
751 755 838 835 dicti,
862 756 949 839 quod
968 757 1008 817 ab
1021 759 1135 821 eodem
1148 771 1281 826 auctore

171 866 343 940 utrumque
358 877 488 921 carmen
506 857 714 923 Homericum
739 860 921 923 confectum
945 872 1111 944 negarent,
1136 864 1176 926 ad
1198 866 1281 929 hanc

170 961 312 1041 ipsorum
336 961 527 1024 sententiam
549 963 791 1026 sustentandam
814 964 864 1025 usi
892 975 1012 1026 essent.
1057 965 1230 1032 Schol.'A.
1253 970 1281 1049 β,

142 1067 144 1070 ’
171 1062 250 1125 649:
269 1062 292 1146 ἡ
317 1065 404 1148 διπλῆ
427 1063 505 1148 πρὸς
525 1064 594 1137 τοὺς
610 1067 802 1149 χωρίζοντας,
825 1063 868 1129 ὅτι
889 1073 937 1129 νῦν
959 1065 1012 1148 μὲν
1024 1066 1218 1153 ἑκατόμπολιν
1229 1071 1280 1155 τἠν

170 1165 296 1249 Κρήτην,
316 1163 344 1230 ἐν
360 1167 523 1253 Ὀδυσσείᾳ
541 1167 575 1231 δὲ
592 1166 857 1253 ένενηκοντάτολιν,
877 1191 974 1253 quam
986 1170 1234 1254 discrepantiam
1248 1177 1281 1239 in

171 1270 385 1356 sequentibus
406 1271 612 1334 Aristarchus
649 1274 770 1336 diluere
802 1273 919 1337 studet.
964 1277 1000 1354 A,
1024 1275 1105 1338 692:
1141 1276 1160 1361 ἡ
1192 1271 1280 1362 διπλῆ

169 1371 245 1456 πρὸς
266 1373 334 1448 τοὺς
357 1375 551 1459 χωρίζοντας,
574 1371 619 1438 ὅτι
641 1372 671 1439 έν
694 1376 744 1459 μέν
763 1371 869 1442 Ἰλιάδι
891 1374 1011 1440 δώδεκα
1033 1379 1154 1461 Νηλῆος
1173 1381 1282 1453 παῖδας

120 1485 124 1488 “
169 1473 262 1558 λέγει,
286 1475 315 1541 έν
340 1476 374 1542 δέ
394 1485 432 1563 τη
449 1471 613 1563 Ὀδυσσείᾳ
644 1477 686 1562 [λ,
710 1479 789 1565 295]
817 1490 895 1565 τρεῖς
926 1475 1080 1561 γεγονέναι,
1111 1479 1155 1555 ὡς
1176 1504 1280 1564 γενεα-

169 1583 249 1662 λογεῖ
278 1593 340 1647 etc.
384 1581 443 1647 Est
475 1583 570 1644 etiam
593 1583 648 1644 uhi
677 1582 703 1647 οἱ
737 1587 918 1669 χωρίζοντες
951 1584 1181 1668 intelliguntur,
1216 1608 1281 1652 non

170 1687 382 1768 nominantur,
406 1690 441 1747 ut
464 1687 491 1766 δ,
516 1685 597 1748 354:
628 1685 648 1770 ἦ
672 1688 760 1772 διπλῆ
789 1686 833 1752 ὅτι
854 1685 1126 1772 τροτετυπωμένως
1146 1688 1185 1754 τὰ
1205 1689 1282 1756 κατὰ

169 1789 219 1872 την
233 1782 413 1853 ΙὈδύσσειαν
436 1788 608 1873 μνημονεύει
628 1797 683 1859 ,τού
704 1789 899 1876 Τηλεμάχου·
921 1798 974 1856 τού
995 1789 1087 1856 αὐτού
1108 1793 1168 1877 ἄρα
1189 1816 1282 1878 nup·

168 1899 221 1958 τοῦ
241 1890 291 1957 καὶ
313 1893 332 1978 ἡ
355 1888 528 1960 Ὀδύσσεια.
572 1891 704 1957 Scilicet
727 1897 782 1979 qui
804 1896 935 1959 lliadem
969 1905 1002 1958 ct
1025 1895 1206 1980 Odysseam
1239 1898 1280 1961 ab
1384 1959 1388 1965 .

169 1996 282 2061 eodem
298 2008 429 2062 auctore
442 1999 606 2061 confectas
619 1997 865 2082 arbitrabantur,
891 2001 923 2060 in
940 1999 1057 2082 quibus
1071 2001 1280 2065 Aristarchus
1331 2070 1337 2088 ‚

169 2111 247 2183 erat,
271 2103 303 2164 in
325 2113 463 2186 utroque
486 2102 627 2165 carmine
649 2100 741 2164 loccs
765 2103 922 2187 quosdam
947 2102 1199 2184 deprehendisse
1219 2105 1280 2168 sihi

168 2207 230 2268 visi
254 2217 354 2288 crant,
390 2207 443 2290 qui
467 2218 575 2268 mutua
598 2207 850 2269 necessitudine
860 2208 944 2269 inter
977 2226 1013 2269 se
1036 2207 1135 2268 vincti
1158 2218 1280 2290 essent,

169 2328 232 2392 quo
254 2320 380 2392 spectat
401 2309 455 2373 illa
479 2309 664 2372 observatio
686 2307 795 2372 Schol.
820 2311 939 2394 Odyss.
958 2333 986 2390 γ,
999 2310 1079 2372 248:
1103 2330 1171 2382 πως
1192 2308 1278 2372 ἔθαν’

164 2406 333 2496 Ἀτρείδης]
358 2416 468 2485 Καλως
489 2409 700 2494 ἀναπληρωσις
728 2420 781 2496 τῆς
799 2406 971 2486 Ἰλιάδος
956 2437 975 2496 η
1001 2405 1173 2475 Οδύσσεια
1189 2392 1278 2492 λέγε-

166 2533 225 2580 ται
249 2514 345 2600 ἃγδρ
368 2513 576 2600 κατέλειψενέ
576 2523 631 2596 κεῖ,
655 2513 780 2611 ἐνταῦθα
800 2513 886 2597 λέγει
932 2513 1090 2598 Compara
1112 2517 1208 2579 ctiam
1230 2516 1278 2577 in-

167 2631 216 2684 ter
248 2642 285 2686 se
316 2619 444 2685 Scholia
475 2619 562 2682 lliad.
596 2643 614 2699 ι,
650 2620 714 2682 347
747 2607 779 2684 et.
808 2620 927 2705 Odyss.
959 2618 1065 2699 aas.
1110 2618 1177 2682 Sed
1211 2638 1276 2703 quo

167 2725 271 2813 minus
302 2724 393 2807 plura
416 2724 547 2787 afferam
578 2724 677 2787 ctium
700 2725 776 2788 fecit
808 2725 863 2808 qui
896 2724 987 2787 locos
1017 2743 1059 2785 ex
1086 2721 1185 2786 iliade
1207 2723 1276 2786 col·

166 2828 255 2912 tegit,
277 2825 418 2891 Wcliius
441 2826 571 2912 Prolcg.
595 2847 625 2908 p.
650 2825 776 2890 CLVlll
798 2838 830 2889 et
852 2837 928 2910 post
957 2827 1043 2890 hunc
1067 2825 1277 2908 perlustravit

168 2931 344 2996 Grauertus
366 2934 398 2994 in
420 2930 505 2994 Mus.
528 2929 629 3017 Rhen.
660 2932 743 2994 1827
766 2953 796 3014 p.
820 2931 893 3009 200,
925 2931 1092 2993 immemor
1113 2928 1166 2992 hic
1188 2928 1279 2992 locc-

166 3055 238 3098 rum
261 3035 485 3099 nonnullorum
510 3032 714 3098 Scholicrum
736 3035 889 3097 Ambros.
917 3035 948 3094 in
971 3032 1171 3117 Odysseam,
1207 3031 1278 3115 qui·

167 3138 228 3202 hus
250 3147 309 3202 τῶν
330 3134 521 3221 χωριζύντων
544 3139 625 3201 ratio
648 3138 752 3201 habita
778 3147 838 3219 est,
863 3136 1045 3221 quibusque
1068 3155 1106 3198 ea
1123 3134 1277 3218 supplen-

166 3253 228 3326 tur,
252 3263 335 3327 quac
358 3263 398 3304 ex
413 3240 552 3304 Scholiis
575 3243 607 3303 in
630 3241 759 3305 lliadem
776 3241 940 3306 docemur.
964 3236 1143 3323 Supplehc.
1165 3236 1202 3313 Τ,
1216 3238 1276 3301 28:

166 3343 310 3429 χοίνικος]
334 3341 395 3409 ἀντὶ
416 3352 467 3408 τού
490 3340 634 3428 δαπάνης,
656 3355 783 3431 τροφῆς·
806 3344 885 3417 ἅπαξ
909 3342 1033 3409 ἐνταῦθα
1055 3342 1074 3426 ἡ
1099 3340 1201 3425 φωνή·
1226 3329 1277 3405 καὶ

167 3446 201 3513 ού
224 3446 273 3512 διδ
294 3456 379 3513 τοῦτο
403 3444 564 3531 χωριστέον
588 3458 639 3533 τῆς
657 3444 785 3522 Ἰλιάδος
816 3448 866 3532 τὴν
891 3448 1081 3512 Ὀδύσσειαν·
1110 3441 1197 3508 κάκεῖ
1218 3439 1275 3527 γάρ

166 3548 220 3616 εἶσι
241 3553 328 3617 τοῦδε
350 3548 541 3636 εὐτελέστερα
564 3548 700 3637 ὀνόματα.
745 3551 833 3614 llaec
857 3552 1016 3615 adversus
1044 3555 1102 3612 τῶν
1125 3544 1276 3630 χωριζύν-

165 3677 223 3719 των
236 3657 439 3736 suspiciones
453 3655 536 3719 dicta
555 3678 641 3738 esse,
664 3655 839 3720 ostendunt
858 3652 966 3717 Schol.
981 3652 1021 3715 A.
1044 3648 1130 3714 lliad.
1148 3651 1176 3729 λ,
1194 3650 1258 3712 147
1266 3671 1275 3713 t

166 3755 254 3842 ύλμον
278 3753 304 3822 δ’
328 3757 385 3842 ὣς]
410 3784 429 3844 η
454 3761 542 3844 διπλῆ
566 3759 600 3825 δέ
622 3758 665 3824 ὅτι
691 3759 770 3832 ἅπαξ
792 3756 917 3821 ἐνταῦθα
939 3752 1097 3839 κέχρηται·
1110 3749 1168 3817 ’καὶ
1183 3748 1226 3816 ύτι
1245 3749 1275 3817 έν

161 3857 265 3926 Ἰλιάδι
280 3859 409 3928 εύτελέσι
422 3861 566 3948 κέχρηται
582 3865 725 3944 λεξιδίοις,
749 3860 783 3926 ού
806 3859 894 3946 μύνον
913 3855 1125 3943 ένὈδυσσείρι,
1147 3856 1276 3939 χοίνικος

167 3963 207 4048 [τ,
220 3964 276 4050 28]
299 3964 350 4030 καὶ
372 3966 482 4049 λύχνου
512 3965 654 4052 [ib.34]·
677 3965 753 4051 πρὸς
775 3965 843 4039 τοὺς
865 3964 1056 4049 χωρίζοντας.
1093 3960 1165 4024 Ηυυ
1180 3961 1276 4024 etiam

166 4070 271 4134 refero
303 4091 385 4154 quae
407 4071 449 4132 ad
473 4071 592 4156 Odyss
613 4094 640 4152 γ,
664 4071 737 4152 245,
772 4069 827 4133 ubi
860 4068 905 4131 de
922 4065 1063 4161 Nestore
1087 4065 1209 4150 agitur,

319 4172 381 4258 τρὶς
403 4173 459 4258 γὰρ
484 4174 522 4258 δη
545 4177 591 4269 μίν
615 4197 700 4256 φασιν
726 4119 943 4246 ύινάξασδαι’
910 4165 981 4252 γενέ
1006 4167 1122 4253 ἀνδρῶν

166 4277 376 4344 adnotantur:
392 4275 489 4361 παρὰ
509 4276 544 4342 τδ
573 4265 614 4343 έν
620 4270 725 4359 Ἰλιάδι
746 4275 912 4359 πεποίηται,
935 4271 1029 4359 ,μετὰ
1052 4271 1086 4336 δὲ
1107 4267 1275 4355 τριτάτοισιν
