2902 4822
759 451 838 530 tto

243 642 336 711 salvo
358 663 457 710 sensu
479 646 596 712 abesse
617 648 731 731 possit.
766 645 839 713 Hoo
866 647 974 732 ipsum
1001 653 1109 711 tamen
1136 643 1354 732 negligentiae

242 751 363 815 librarii
384 751 417 814 in
438 750 684 815 transcribendo
707 751 789 816 Cod.
816 771 929 817 ansam
950 750 1110 834 praebuit,
1136 751 1180 812 ita
1201 760 1238 813 ut
1259 753 1353 834 signa

241 855 294 919 illa
316 875 358 918 ex
388 854 500 919 eadem
523 856 657 940 ratione,
688 875 784 941 quam
806 853 903 939 paulo
926 861 1000 917 aute
1022 850 1090 934 Vll,
1120 853 1186 919 715
1211 854 1352 919 animad-

240 961 407 1043 vertimus,
430 968 500 1024 orta
521 959 700 1043 videantur,
723 978 829 1043 neque
851 976 968 1022 versus
990 958 1207 1041 interpolatos
1228 970 1350 1042 notent,

241 1081 324 1150 quos
347 1064 515 1148 sententia,
540 1063 667 1152 singula
679 1063 787 1141 ,verba
809 1073 842 1127 et
864 1082 967 1127 nexus
990 1082 1064 1127 cum
1089 1063 1222 1149 reliquis
1241 1064 1351 1129 delan-

241 1167 350 1232 cunta
395 1164 438 1231 Ut
472 1167 575 1253 qualis
608 1168 744 1234 offensio
776 1168 883 1251 luerit,
913 1168 946 1229 in
979 1167 1086 1232 medio
1117 1167 1349 1254 relinquamus,

240 1283 364 1338 certum
391 1280 444 1336 est
465 1275 560 1359 signo
582 1273 638 1338 illo
667 1274 803 1359 exprimi
835 1272 1035 1356 lemniscum,
1069 1293 1165 1358 quem
1188 1293 1287 1358 quum
1308 1274 1349 1337 ab

239 1375 380 1461 Origene
402 1378 540 1460 primum
564 1378 737 1443 adhibitum
761 1378 900 1442 sciamus
925 1383 971 1453 (v.
995 1383 1025 1450 t.
1036 1376 1110 1460 71),
1134 1376 1230 1442 simul
1251 1398 1350 1462 appa·

239 1491 299 1565 ret,
324 1480 410 1566 quod
434 1502 475 1545 ex
496 1484 566 1566 ipsa
591 1504 626 1547 re
650 1493 681 1547 et
704 1493 884 1547 ceterarum
903 1491 1050 1545 notarum
1068 1482 1350 1567 figuraetratione

234 1585 409 1672 colligitur,
433 1597 532 1651 totam
554 1586 637 1651 hanc
666 1586 797 1651 notandi
818 1587 975 1650 rationem
1006 1586 1039 1649 in
1066 1585 1198 1651 Lucano
1227 1586 1350 1652 adhibi·

236 1699 303 1754 tam
325 1709 396 1754 cum
420 1688 551 1775 antiquo
573 1691 773 1756 Aristarchio
796 1710 916 1777 genere
937 1690 1012 1757 nihil
1033 1691 1348 1774 communelrabere,

238 1794 298 1858 sed
311 1804 355 1858 .ut
377 1795 468 1876 ipsae
491 1795 655 1879 signorum
678 1792 801 1859 formae
823 1795 1012 1860 recentioris
1043 1797 1157 1860 aetatis
1184 1806 1270 1878 sunt,
1303 1797 1349 1860 ita

237 1899 334 1962 etiam
366 1916 461 1962 usum
492 1918 604 1964 eorum
636 1901 732 1965 talem
762 1919 848 1983 esse,
880 1899 1007 1986 qualem
1031 1899 1205 1985 quitando
1228 1899 1349 1985 aliquid

238 2002 278 2066 de
299 2013 411 2067 vetere
441 1992 572 2069 notandi
601 2006 727 2069 ratione
759 2007 980 2090 accepissent,
1004 2014 1211 2088 exercerent,
1245 2005 1349 2070 critici

236 2128 370 2173 munere
393 2125 457 2170 uon
479 2118 545 2173 tam
567 2111 699 2195 antiquo
719 2128 810 2173 more
830 2112 1014 2195 iungentes,
1038 2128 1133 2194 quam
1144 2107 1347 2173 librariorum

234 2215 344 2298 potius
367 2211 408 2276 ad
430 2214 561 2277 modum
584 2213 625 2277 de
646 2214 795 2297 exemplo
817 2214 939 2278 Lucani
961 2216 1048 2278 iusto
1077 2212 1261 2279 exhibendo
1282 2213 1349 2277 sol-

234 2316 321 2383 liciti.
365 2318 416 2383 Ac
448 2338 520 2421 rapa
552 2327 627 2384 sunt
656 2319 786 2383 omnino
819 2318 954 2399 alicuius
989 2319 1115 2384 oriseos
1145 2318 1189 2382 in·
1211 2316 1348 2383 scholiis

234 2424 326 2488 vario
357 2423 454 2487 modo
486 2443 594 2509 neque
626 2423 747 2508 ubique
779 2441 865 2486 nunc
897 2422 993 2506 plane
1025 2422 1068 2487 ob
1101 2421 1216 2487 oculos
1238 2422 1347 2504 posito

234 2537 363 2592 notatae
385 2525 544 2611 exempla,
566 2527 607 2591 de
630 2527 747 2612 quibus
770 2548 802 2590 v.
824 2525 1005 2592 Weberum
1025 2549 1057 2613 p.
1080 2528 1154 2592 430.
1165 2547 1216 2613 sq.

730 2689 758 2757 S·
789 2684 842 2749 78.

359 2813 410 2869 Ite
431 2808 549 2868 variis
571 2808 704 2871 Iliadis
735 2810 1019 2884 exemplaribus
1041 2811 1220 2889 antiquis.

277 2954 280 2961 '
320 2944 461 3011 Ventum
479 2955 531 3011 est
546 2947 579 3010 in
595 2946 709 3011 horum
721 2948 1024 3011 commentariorum
1037 2948 1178 3015 decursu
1196 2947 1238 3013 ad
1248 2968 1345 3034 argu·

231 3052 329 3117 menti
341 3061 465 3137 partem
477 3051 619 3136 alteram,
632 3053 702 3116 sive
714 3051 755 3117 ad
766 3050 930 3116 Anecdoti
942 3051 1035 3117 Rom.
1047 3064 1148 3138 caput
1162 3052 1215 3137 lll,
1223 3054 1265 3117 ·in
1276 3072 1343 3138 quo

232 3155 424 3242 explicando
443 3177 552 3221 rerum
568 3166 778 3222 tractatarum
797 3167 864 3220 tum
891 3156 1088 3223 obscuritate
1109 3170 1176 3223 tum
1197 3157 1343 3222 novitate

230 3259 363 3326 mirifice
375 3259 577 3344 impedimur.
598 3260 718 3348 Agitur
731 3261 771 3325 de
782 3262 912 3346 antiqua
924 3261 1061 3346 quadam
1078 3261 1187 3345 lliade‚
1201 3280 1296 3346 quac,
1313 3261 1343 3325 si

230 3365 331 3430 verba
355 3364 524 3449 scriptoris
544 3386 728 3451 urgeamus,
753 3378 789 3430 ut
810 3377 916 3431 cetera
940 3369 1046 3431 omnia
1068 3386 1152 3452 quae
1171 3366 1342 3432 obscurius

231 3469 404 3535 dictasunt
422 3470 595 3553 mittamus,
617 3470 689 3554 ipsa
707 3469 811 3555 qualis
829 3471 1040 3536 existimanda
1061 3472 1154 3536 sitin
1173 3483 1341 3561 utramque

229 3584 354 3661 partem
381 3574 537 3660 disputari
567 3583 686 3657 potest.
729 3574 811 3640 Nam
839 3596 938 3661 quum
968 3595 1052 3661 quae
1082 3596 1123 3641 ex
1152 3576 1214 3642 hae
1241 3574 1341 3640 Iliade

229 3680 423 3763 referuntur,
446 3679 485 3743 ab
510 3698 547 3742 ea
570 3696 665 3763 quam
676 3676 810 3744 Homeri
831 3681 959 3745 nomine
980 3680 1022 3744 ad
1043 3700 1106 3746 nos
1131 3679 1255 3764 perlata
1278 3691 1340 3764 est,
1448 3675 1451 3686 '

228 3802 365 3868 prorsus
400 3782 596 3866 dissideant,
630 3802 791 3849 nonnemo
823 3786 868 3850 ita
902 3804 1015 3850 secum
1047 3787 1190 3850 statuere
1224 3785 1340 3869 possit,

229 3888 392 3973 antiquam
413 3886 496 3953 hanc
528 3885 658 3951 lliadem
689 3889 731 3953 ab
753 3889 924 3953 Homerica
953 3890 1064 3974 utique
1087 3889 1248 3954 diversam
1270 3909 1340 3953 car-

228 3992 367 4058 minibus
390 3992 491 4077 epicis
523 3992 564 4056 iis
586 3993 814 4058 vetustissimis
841 3994 1070 4079 assignandam
1101 4014 1187 4078 esse,
1221 3991 1340 4078 quibus

227 4117 282 4162 res
303 4095 419 4163 lliacae
441 4107 608 4160 enarratae
630 4107 750 4163 essent.
790 4096 858 4163 Sed
878 4099 922 4162 ita
946 4117 1010 4185 quo
1032 4099 1139 4163 minus
1159 4107 1339 4165 statuamus

227 4199 336 4265 multis
359 4200 536 4266 rationibus
557 4203 776 4286 prohibemur.
809 4204 915 4286 Quum
937 4205 1021 4268 enim
1044 4223 1127 4290 quac
1147 4203 1214 4269 hoe
1232 4203 1340 4287 capite

227 4302 484 4389 perscribuntur,
508 4324 573 4369 non
594 4309 720 4390 possint
740 4327 805 4374 non
818 4309 927 4394 aliquo
940 4308 1191 4378 necessitudinis
1205 4305 1339 4374 vinculo
