2902 4822
685 411 764 488 200

168 607 319 671 versione
333 605 516 670 criticorum
530 601 786 686 Homericorum,
798 605 831 668 in
845 623 939 690 quam
951 602 1071 684 incidit,
1083 600 1278 685 intelligitur,

168 712 298 792 impune
319 709 489 772 tramissns
508 726 664 770 essenon
683 709 797 791 potnit,
820 708 844 789 l,
856 710 888 788 5,
912 727 977 792 quo
996 725 1078 790 quae
1096 703 1139 768 de
1157 702 1280 767 honore

166 810 325 874 latrocinii
353 811 524 892 persuasio
556 820 702 872 veterum
737 809 936 875 Graecorum
968 810 1080 873 fuerit·
1098 807 1279 891 exponitur.

168 912 277 977 Schol.
300 911 451 976 Ambros.
476 911 595 996 Odyss.
618 932 646 992 γ,
668 912 729 976 71:
763 910 951 978 Καθάπτεται
972 911 1006 977 δὲ
1027 909 1280 977 salomontos»

163 1015 366 1103 Ἀρίσταρχος
395 1012 541 1097 λέγοντος,
573 1015 616 1089 ὡς
638 1013 694 1085 οὒκ
723 1013 847 1101 αἰσχρὸν
868 1017 991 1104 ἡγοῦντο
1018 1015 1053 1081 τὸ
1074 1013 1281 1100 ληίζωθαιοί

169 1122 299 1202 παλαιοί,
322 1118 352 1184 ὲν
375 1115 423 1194 οἷς
444 1142 527 1202 φησι,
551 1118 611 1201 „aa
624 1141 673 1203 μοι
690 1118 834 1203 ληίσσατο
848 1122 911 1194 dtu<
924 1114 1113 1194 Ὀδυσσεύςιι
1136 1121 1181 1201 (u,
1193 1120 1280 1197 898)

170 1223 323 1311 ὁμωνυμίᾳ
350 1221 407 1308 γὰρ
437 1218 594 1306 andraea,
623 1218 768 1296 πολλάκις
789 1230 843 1306 τῆς
865 1220 970 1305 ληίδος
997 1218 1046 1287 ἐπὶ
1065 1230 1119 1307 τῆς
1140 1223 1280 1306 λαφυρα-

169 1329 280 1413 γωγίας
301 1321 500 1410 τασσομένης·
524 1324 603 1410 παρὸ
627 1323 678 1390 καὶ
697 1327 748 1410 τὴν
767 1319 899 1410 Ἀθηνᾶν
921 1323 1038 1408 ληίτιδα
1066 1324 1281 1410 προσαγοροίιι

169 1433 218 1510 (ΙΙ.
241 1454 271 1513 κ,
304 1432 394 1510 460).
417 1417 469 1494 ίίτι
489 1425 545 1512 γᾶρ
569 1425 693 1512 αθιχρὸν
724 1427 845 1512 ἡγοῦντο
866 1427 901 1493 τὸ
932 1426 1091 1510 λῃστεύειν,
1124 1429 1217 1515 δῆλον
1248 1424 1281 1503 li

171 1533 213 1600 ὧν
247 1531 391 1599 οὐδέποτε
430 1529 478 1595 ἐπὶ
504 1526 674 1615 Ἀχιλλέως
703 1529 722 1616 ἢ
759 1529 807 1595 ἐπὶ
838 1531 962 1607 Αἴαντος
994 1533 1122 1615 καιτοίγε
1148 1528 1280 1616 ὶσχορῶι

167 1635 430 1722 ὄντωνέχρήσατο
451 1643 495 1714 τῷ
522 1631 679 1719 ονόρατιὸ
710 1635 847 1720 ποιητής·
879 1635 982 1711 ἄλλως
1007 1657 1041 1700 τε
1061 1632 1180 1700 tabatha
1202 1658 1279 1721 ωρ-

166 1737 304 1866 φραζογιί
304 1763 362 1804 νων
393 1740 479 1822 δηλοῖ
504 1738 555 1822 τὴν
583 1761 634 1802 που
669 1733 840 1821 πράγματος
872 1741 1049 1824 μοχθηρίαν.
1081 1734 1280 1805 &turdum

167 1843 225 1929 γὰρ
246 1868 288 1922 τῳ
323 1842 365 1927 „d
388 1864 414 1905 τι
435 1839 511 1906 κατὰ
533 1843 657 1926 πρῆξινιι
687 1841 722 1905 τὸ
745 1839 786 1926 ,,ἢ
815 1843 995 1927 μαψιδίωςίί.
1038 1841 1185 1905 Eandem
1205 1840 1280 1907 Art·

167 1947 288 2011 starchi
322 1946 512 2011 sententiam
546 1946 678 2027 apponit
711 1943 899 2009 Eustathins
932 1946 973 2010 ad
1006 1946 1126 2030 Odyss.
1162 1966 1195 2027 γ,
1227 1944 1278 2011 78.

167 2071 200 2134 p.
225 2050 319 2133 1458,
347 2049 405 2113 sed
439 2049 483 2111 ita
506 2058 541 2111 ut
564 2046 786 2131 Thucydidem
815 2049 910 2113 simul
941 2048 1101 2131 defendat,
1131 2047 1277 2131 aliorum,

168 2155 305 2288 opinor,
316 2153 603 2268 grammaticorum
622 2149 800 2269 doctrinam
822 2173 973 2237 sequens.

167 2361 237 2424 sive
261 2358 396 2423 consilio
420 2358 540 2422 omissa
562 2355 616 2420 vel
639 2356 811 2422 obscurata
826 2356 1086 2441 fortasseprodit
1104 2356 1278 2473 singularis

167 2463 341 2528 multorum
352 2461 548 2526 scholiorum
562 2460 704 2524 conditio
723 2463 766 2524 ita
783 2462 1048 2544 compositorum,
1067 2469 1103 2524 ut
1118 2480 1161 2524 ex
1178 2459 1280 2545 signis

167 2566 333 2631 contextui
356 2564 517 2648 quondam
541 2565 678 2647 appictis
705 2585 744 2627 ea
766 2564 912 2647 prolecta
934 2566 1111 2648 suspicere.
1144 2560 1198 2627 Ex
1218 2562 1281 2627 hoo

167 2688 288 2754 genere
310 2676 386 2731 sunt
406 2686 488 2750 qnae
510 2666 685 2730 innumeris
707 2666 789 2730 locis
812 2666 1006 2731 adnotantur
1028 2666 1068 2731 de
1081 2666 1281 2751 proprietate

169 2770 339 2852 sermonis,
363 2769 416 2834 vel
437 2768 627 2853 Thucydidii
649 2769 834 2855 singularis,
858 2791 888 2833 v.
913 2789 941 2834 c.
963 2771 996 2833 in
1018 2767 1099 2843 ἅπαξ
1118 2765 1280 2857 λαγομίνίρ,

168 2874 221 2938 vel
242 2873 342 2938 Attici
350 2896 359 2951 ;
388 2872 441 2936 vel
464 2871 519 2937 uhi
548 2873 697 2957 quiddam
718 2875 879 2937 insuetum
902 2872 955 2937 vel
985 2875 1130 2957 inprimis
1161 2891 1280 2939 merno-

172 2977 284 3061 rabile,
315 2977 492 3060 praemissa
516 2976 652 3040 formula
675 2978 793 3041 usitata
816 2975 990 3059 σηριίωσαι,
1019 2976 1218 3063 designatur,
1240 2974 1281 3043 ad

170 3101 324 3146 nauseam
347 3099 451 3163 usque
473 3079 677 3160 inculcatum,
701 3100 730 3142 v.
754 3100 783 3162 u,
796 3079 833 3162 ll,
846 3082 904 3143 21:
928 3075 1118 3167 ἀνεχώρησα]
1145 3079 1280 3165 σημαίαι-

172 3181 293 3267 τακτὴν
316 3181 455 3263 σύνταξιν,
478 3178 522 3246 ὅτι
545 3181 740 3246 Θοοκοδιδεία
762 3179 832 3247 ἐστί.
866 3183 962 3247 Adde
976 3184 1064 3268 quod
1083 3185 1137 3269 qui
1151 3182 1281 3249 Scholia

169 3286 359 3367 conflarunt,
370 3305 428 3349 eos
444 3285 648 3369 antiquorum
661 3285 844 3349 criticorum
857 3287 1093 3351 commentariis
1110 3286 1164 3351 vel
1177 3287 1281 3353 diver·

168 3390 215 3454 sis
246 3387 484 3470 exemplaribus
515 3407 594 3451 usos
625 3406 717 3470 esse,
756 3390 937 3471 scripturae
967 3391 1139 3455 varietates
1168 3409 1281 3475 saepe·

168 3511 304 3557 numero
327 3501 456 3555 notatae
480 3492 559 3555 satis
583 3490 767 3557 ostendunt.
795 3489 902 3556 Nihilo
925 3504 1031 3557 tamen
1049 3494 1158 3558 secius
1179 3503 1280 3559 totum

170 3594 374 3660 Scholiorum
401 3613 520 3677 corpus
543 3603 663 3657 attente
681 3592 889 3677 perlustranti
912 3605 1042 3677 praeter
1062 3596 1170 3661 locum
1181 3614 1280 3680 supra

168 3718 211 3762 ex
233 3697 283 3780 lll,
307 3698 351 3760 84
373 3697 571 3780 exscriptum
602 3716 700 3760 unum
730 3696 834 3761 solum
857 3718 932 3762 sese
956 3698 1071 3763 obtulit
1098 3698 1281 3783 exemplum

171 3811 266 3865 notae
294 3798 427 3862 indubie
460 3799 536 3863 olim
567 3801 747 3883 appositae,
777 3811 809 3863 et
838 3802 962 3864 ratione
992 3801 1215 3885 diversum,l,
1238 3800 1280 3867 22

170 3901 244 3988 μετὰ
265 3925 302 3966 τα
286 3897 458 3986 Τρωϊκα]
483 3903 605 3985 Τριχιῖις
625 3903 756 3967 διεῖλε
728 3926 778 3988 apt
797 3900 1016 3988 ἀρχαιολογίαν,
1039 3900 1080 3978 εἰς
1095 3902 1133 3969 τὰ
1148 3902 1280 3989 taphnan

166 4006 329 4092 apoteca,
364 3999 406 4078 εἷς
438 4001 513 4071 αὐτὰ
544 4026 582 4068 τα
613 4001 748 4090 Τρωϊκά,
779 4003 820 4080 είς
850 4003 889 4070 τὰ
918 4003 1048 4090 ἐχόμενα
1069 4002 1183 4071 αἰιτνω·
1212 3993 1280 4071 καθ

165 4107 293 4174 ἕκαστον
328 4104 362 4172 δὲ
391 4104 482 4192 μέρος
512 4109 600 4193 διπλῆ
623 4105 822 4193 παράγραφος
853 4117 952 4174 κειται.
996 4104 1162 4183 Habemus
1184 4110 1281 4195 igitur

170 4212 308 4297 diplam,
341 4211 401 4278 sed
423 4229 489 4274 non
511 4232 550 4275 ea
579 4223 742 4295 potestate
764 4212 958 4296 praeditam,
991 4231 1055 4298 qua
1076 4211 1118 4278 ab
1139 4212 1281 4301 antiquis
