2902 4822
661 419 742 499 247

145 617 218 682 loco
249 616 417 684 Lebrsium
450 637 481 700 p.
511 615 576 681 362
609 625 641 682 et
670 612 876 699 Spitzuerum
903 615 1027 684 frustra
1059 613 1167 698 ὀβελὸς
1194 637 1264 704 pro·

145 722 253 803 ἄλογος
274 722 465 800 coniecisse,
487 721 522 785 id
543 720 632 805 quod
652 729 742 785 recte
764 722 828 786 iam
849 721 973 786 monuit
991 717 1159 787 Nauckius
1180 723 1256 789 Ari-

108 812 112 820 ¹
143 830 249 913 stoph.
272 826 352 913 Byz.
374 849 404 912 p.
429 827 482 910 24,
505 827 734 911 supraposita
755 827 883 893 abunde
907 827 1034 893 docent
1065 825 1154 892 Nihil
1174 847 1258 894 vero

144 933 252 1014 ἄλογος
273 933 315 997 ad
337 931 569 996 Aristarchum.
614 928 690 995 Non
712 933 796 997 enim
818 933 914 998 huius
941 932 984 996 ad
1013 943 1165 1016 mentem,
1195 933 1257 1000 sed

143 1039 240 1123 longe
261 1037 476 1122 posteriorum
500 1035 683 1099 criticorum
707 1053 749 1099 ex
770 1055 832 1100 usu
854 1035 909 1100 illa
931 1033 1134 1102 scholiastae
1155 1036 1256 1103 verba

143 1152 301 1228 concepta
322 1150 567 1224 esse-testatur
587 1142 659 1225 ipse
681 1143 751 1205 eius
773 1141 990 1206 adnotationis
1010 1140 1104 1224 sous,
1134 1142 1256 1226 quippe

141 1250 174 1310 in
195 1248 309 1313 codice
342 1245 530 1311 victoriano
547 1255 723 1327 servatae,
754 1245 811 1329 qui
840 1246 870 1309 si
891 1264 910 1310 a
931 1243 1066 1311 Lebrsio
1096 1266 1127 1330 p.
1148 1245 1192 1311 88
1212 1245 1262 1311 iia·

141 1353 296 1418 subsidiis
318 1351 500 1416 Homericis
523 1359 723 1434 accensetur,
752 1350 870 1435 quibus
899 1349 1040 1415 »nullum
1060 1370 1161 1417 unum
1181 1370 1259 1417 vur-¹

140 1462 218 1524 bum
239 1458 437 1524 credendum
459 1457 533 1540 situ,
564 1467 653 1521 certe
682 1459 752 1522 eius
780 1456 974 1523 conditionis
1002 1455 1116 1523 haberi
1144 1457 1253 1544 debet,

140 1574 175 1627 ut
193 1564 401 1647 superiorum
426 1561 708 1646 grammaticorum
736 1560 889 1645 reliquias
916 1561 1074 1648 quasdam
1095 1562 1255 1629 misane·

139 1657 292 1754 gligentia
314 1669 495 1751 exscriptas
517 1677 550 1731 et
571 1685 662 1731 more
683 1665 812 1732 saecuti
828 1686 1069 1753 nonnumquam
1080 1678 1252 1752 corruptas

139 1771 297 1836 exhibeat.
330 1771 430 1858 lgitur
452 1770 558 1856 obelo,
582 1772 637 1856 qui
659 1771 874 1837 nominandus
895 1782 974 1854 erat,
998 1773 1114 1858 alogus
1136 1773 1251 1838 eadem

138 1881 171 1942 vi
192 1900 255 1964 qua
276 1879 331 1943 ille
352 1879 513 1944 adbibitus
534 1879 605 1961 fuit,
628 1899 647 1942 a
669 1880 792 1944 novitio
809 1879 939 1944 bomine
961 1879 1166 1948 substitutus.
1199 1881 1252 1947 Fi·

137 2005 253 2070 guram
272 1985 358 2070 alogi
379 1983 520 2050 ostendit
546 1985 630 2050 banc
658 1988 681 2067 ξ)
703 1983 827 2049 'fabula
857 1993 1007 2050 notarum
1033 2005 1052 2051 a
1079 1985 1251 2053 Montel'al*
1357 1979 1364 1986 ’

138 2089 232 2153 conio
255 2089 340 2153 edita
363 2087 534 2174 Palaeogr,
555 2087 611 2152 Gra
638 2110 670 2172 p.
692 2087 768 2152 370.
810 2086 996 2153 Notandum
1023 2087 1175 2175 denique,
1204 2092 1249 2157 ho

138 2193 231 2276 signo
264 2203 397 2276 recepto
419 2193 562 2258 Probum
581 2193 673 2277 aliis,
695 2213 782 2278 quae
811 2192 865 2257 vel
884 2192 1075 2258 Aristarchi
1106 2193 1161 2258 vel
1189 2194 1250 2261 Ari

137 2298 350 2363 starchiorum
372 2301 504 2383 propria
524 2298 674 2382 fuissent,
697 2318 809 2363 carere
831 2300 980 2382 potuisse
1002 2308 1034 2363 et
1055 2297 1171 2382 procul
1191 2301 1250 2366 dn·

136 2403 190 2467 bio
224 2405 388 2487 caruisse,
430 2404 690 2489 quandoquidem
724 2404 843 2490 cuique
875 2405 1054 2488 suspicioni
1087 2405 1249 2477 notandae

135 2508 292 2574 inservire
313 2518 450 2592 poterat.
521 2566 523 2571 .

220 2611 347 2676 Mature
365 2622 472 2676 autem
494 2621 595 2678 totam
620 2613 704 2677 bauo
721 2613 854 2679 notandi
873 2615 1030 2680 rationem
1044 2598 1249 2686 'Petraeam

135 2727 261 2801 oportet
280 2721 314 2782 in
336 2719 531 2784 oblivionem
548 2720 681 2803 abiisse,
703 2740 800 2804 quum
816 2720 940 2786 nullum
970 2722 1041 2787 eius
1062 2722 1096 2787 in
1116 2726 1247 2810 antiquo

134 2820 267 2908 Vergilii
280 2823 431 2908 exemplo
445 2834 533 2889 certe
546 2824 760 2890 Laurentiano
772 2824 977 2902 (Vaticanum
989 2828 1151 2911 inspicere
1162 2829 1250 2897 haud

58 2932 62 2943 '
133 2928 237 3011 licuit)
254 2930 427 3015 vestigium
446 2940 616 3014 superstes
633 2932 686 2996 sit
706 2929 819 3013 Quod
839 2949 880 2994 eo
892 2932 996 3017 magis
1014 2934 1131 2999 rubum
1143 2935 1247 3001 videri

134 3032 239 3114 debet,
254 3034 341 3117 quod
358 3035 387 3097 ei
401 3034 506 3098 codici
517 3035 638 3117 passim
657 3035 805 3119 appictae
814 3036 1021 3119 reperiuntur
1035 3047 1143 3124 notae,
1163 3058 1248 3126 quae

134 3136 262 3219 quidem
281 3150 347 3202 non
357 3139 674 3222 stmtAristarchiae,
685 3140 738 3206 bic
748 3151 855 3204 tamen
870 3141 1083 3234 praetermitti
1093 3160 1159 3206 uon
1168 3162 1247 3235 pos·

133 3247 218 3305 sunt,
241 3238 352 3323 Atque
374 3241 512 3305 maxima
531 3240 660 3325 quidem
683 3259 796 3306 earum
813 3263 892 3327 pars
916 3263 962 3309 ex·
975 3263 1018 3309 eo
1037 3264 1158 3331 genere
1183 3257 1245 3333 est,

133 3342 219 3423 quod
238 3341 442 3410 librariorum
462 3346 569 3428 potius
586 3339 683 3430 quam
698 3348 884 3414 criticorum
900 3349 1043 3415 officium
1055 3360 1193 3436 spectat,
1210 3362 1247 3418 ut

131 3447 186 3510 ubi
197 3447 315 3532 aliquid
328 3449 452 3515 calamo
465 3460 615 3517 currente
633 3462 814 3537 peccatum,
838 3453 892 3519 vel
909 3455 1128 3539 imprudenter
1149 3459 1247 3523 omis·

130 3572 200 3614 sum
225 3561 304 3633 erat,
327 3556 543 3640 corrigeretur
564 3566 597 3620 et
619 3555 835 3641 suppleretur,
859 3557 1131 3642 quemadmodum
1146 3581 1245 3649 quum

130 3678 245 3724 versus
270 3679 382 3723 errore
406 3659 455 3725 bis
479 3662 619 3760 scriptus
644 3661 715 3745 fuit,
747 3671 867 3747 puncta
895 3682 995 3747 supra
1023 3666 1130 3748 posita
1155 3679 1244 3757 sunt,

130 3765 279 3849 utrinque
300 3764 411 3830 addito
428 3767 522 3852 signo
543 3777 592 3850 ω,
616 3767 704 3852 qnod
727 3767 805 3832 mibi
823 3769 953 3852 quidem
972 3788 1014 3834 ex
1032 3779 1109 3836 nota
1127 3770 1182 3839 illa
1204 3775 1259 3859 Θ,

131 3886 192 3950 qua
209 3879 343 3935 mortem
358 3870 493 3937 alicuius
509 3871 681 3958 designare
696 3882 825 3939 veteres
841 3872 992 3939 solebant
1014 3874 1058 3958 (ι
1070 3875 1139 3965 65),
1162 3900 1240 3947 eon·
1338 3936 1341 3942 ,

130 3968 240 4034 fictum
259 3973 395 4039 videtur.
430 3975 465 4038 ld
485 3977 604 4042 lactum
617 3975 736 4066 Georg.
757 3978 810 4063 ΙΙΙ,
825 3979 899 4063 att,
919 3990 953 4044 et
963 3999 1041 4046 mox
1051 3983 1147 4049 etiam
1164 3987 1241 4072 280,

129 4076 181 4138 cui
200 4077 233 4139 iu
251 4078 364 4144 codice
379 4082 543 4167 praefixus
560 4102 676 4148 versus
695 4083 782 4149 baud
794 4085 920 4172 integer
940 4085 1239 4168 (scilicetlibrarius

128 4178 275 4242 scribens
289 4200 387 4264 quum
403 4203 547 4251 errorem
562 4187 842 4274 animadverteret,
861 4208 990 4259 versum
1003 4213 1069 4258 non
1087 4193 1241 4272 absolvit)

155 4294 159 4298 “
213 4281 413 4355 bretonum
433 4287 645 4378 iurum
667 4291 758 4382 ovd
774 4296 1003 4389 racem
1024 4297 1126 4391 leo,
