2902 4822
751 441 828 518 120

234 632 269 700 δέ
291 658 364 718 φησι
385 633 478 718 λέγειν
501 633 545 701 δτι
576 634 693 719 ἅρματα
715 633 836 700 πλείονα
857 637 993 719 καδῆκαν
1016 632 1057 710 εἰς
1086 634 1136 700 τὸν
1165 633 1278 719 ἀγῶνα,
1300 632 1347 711 οἷς

234 735 403 812 ἐνεπόδιζον
424 736 462 804 τὰ
482 748 541 804 τῶν
565 736 741 819 ἀντιπάλων,
764 735 814 802 καὶ
835 744 921 802 τοῦτο
943 734 1069 802 εἶναιτὸ
1089 737 1348 824 ,πλήθειπρύσδε

233 841 382 925 βαλόντες.
424 839 624 928 Ἀρίσταρχος
648 840 682 906 δὲ
705 842 843 926 διδύμους
874 839 977 907 ἀκούει
998 840 1056 925 οὐχ
1077 841 1174 918 σύτοις
1196 842 1240 918 ὡς
1262 843 1349 928 ἡμεῖς

233 943 263 1010 ἐν
285 953 322 1032 τῇ
342 947 484 1030 συνηθείᾳ
505 953 637 1029 νοοῦμεν,
667 940 725 1009 οἷοι
748 942 823 1029 ἦσαν
845 941 895 1009 καὶ
922 943 950 1009 οἱ
971 942 1155 1029 Διόσκουροι,
1177 942 1257 1010 ἀλλὰ
1276 945 1347 1020 τούς

233 1053 356 1133 διφυεῖς,
379 1051 433 1115 δύο
455 1051 582 1133 ἔχοντας
604 1045 736 1133 σώματα,
754 1052 781 1130 ⁹)
803 1045 935 1136 Ἡσιόδῳ
965 1045 1089 1133 μάρτυρι
1110 1046 1275 1133 χρώμενος,
1296 1045 1347 1114 καὶ

231 1153 301 1227 τοὺς
326 1150 564 1236 συμπεφυκότας
595 1148 744 1235 ἀλλήλοις.
790 1150 892 1215 Huius
923 1152 964 1216 de
992 1153 1167 1215 testimonii
1200 1150 1346 1214 Hesiodii

232 1259 425 1322 auctoritate
452 1277 536 1340 quae
557 1255 761 1320 Hermannus
795 1255 918 1322 Comm.
949 1255 989 1318 de
1018 1254 1140 1318 iteratis
1172 1253 1259 1336 apud
1279 1250 1345 1316 Ho-

232 1382 365 1444 merum,
385 1363 479 1443 1840,
503 1382 534 1444 p.
549 1361 590 1422 12
605 1381 654 1444 sq.
678 1371 773 1424 acute
794 1360 978 1443 disputavit,
1005 1378 1069 1421 non
1092 1369 1143 1422 est
1163 1358 1258 1422 buius
1280 1357 1344 1421 looi

232 1465 434 1549 expendere:
466 1484 550 1548 quae
581 1465 664 1527 enim
687 1460 822 1527 Hesiodi
845 1463 973 1525 nomine
1004 1461 1044 1525 de
1074 1459 1260 1525 Molionidis
1281 1471 1344 1525 tra·

234 1571 402 1650 debentur,
425 1571 494 1634 sive
518 1569 558 1631 ad
581 1588 711 1631 carmen
734 1567 812 1630 illud
834 1567 1010 1649 antiquum,
1033 1563 1121 1647 quod
1139 1565 1179 1628 de
1194 1564 1344 1631 Nestoris

231 1674 335 1758 gestis
358 1673 524 1736 exstitisse
547 1670 750 1734 Hermannus
784 1669 950 1754 ingeniose
972 1668 1158 1750 suspicatus
1179 1677 1241 1749 est,
1272 1688 1344 1750 per·

232 1778 379 1857 tinuisse,
403 1776 473 1839 sive
496 1774 623 1838 aliunde
647 1794 686 1837 ea
707 1783 836 1854 arrepta
860 1772 1021 1853 dieamus,
1045 1781 1170 1834 certum
1191 1780 1259 1852 est,
1281 1771 1344 1834 ista

231 1898 297 1962 quo
321 1879 504 1959 conscripta
528 1890 655 1955 essent,
689 1896 816 1939 carmen
851 1876 1013 1960 quoddam
1047 1874 1181 1938 Hesiodi
1214 1873 1344 1936 nomino

232 1983 423 2064 inscriptum
446 1992 574 2044 veteres
597 1982 741 2062 novisse,
766 2001 807 2043 ex
829 2000 905 2064 quo,
928 1990 963 2043 ut
984 1980 1047 2042 hoc
1066 1979 1169 2041 obiter
1180 1976 1343 2058 adnotem,

232 2095 395 2167 sumptum
408 2084 547 2148 arbitror
560 2084 773 2168 fragmentum
793 2084 880 2167 quod
893 2104 934 2147 ex
945 2082 1114 2147 Eustntbio
1133 2080 1221 2165 apud
1233 2077 1343 2144 Goett·

231 2189 364 2273 lingium
386 2189 504 2273 legitur
528 2186 620 2253 CLV.
644 2210 675 2271 p.
697 2189 761 2252 237
784 2187 834 2252 ed.
855 2210 905 2272 pr.

148 2304 152 2310 '
386 2287 553 2355 Φυλέα-
576 2290 660 2374 φίλον
683 2286 849 2374 μακάρεσσι
869 2295 973 2355 δευῖσι.

230 2395 363 2462 Scilicet
376 2399 428 2461 bio
440 2395 582 2481 Phyleus
606 2396 690 2459 idem
713 2405 763 2458 ost
786 2397 841 2479 qui
855 2395 991 2480 Augeae
1012 2393 1097 2459 lilius
1120 2393 1236 2459 dieitur
1250 2396 1343 2460 eius·

231 2499 371 2581 demque
402 2499 513 2582 stirpis
546 2498 710 2579 Actoriae,
746 2518 809 2582 qua
831 2497 1027 2562 Molionidae
1049 2499 1250 2581 prodierunt,
1272 2498 1341 2578 fnit,

230 2623 262 2666 v.
284 2599 475 2682 Apollodor.
498 2600 536 2681 ll,
560 2601 590 2663 5.
636 2599 718 2664 Tum
740 2620 818 2666 casu
841 2602 959 2666 factum
985 2620 1051 2664 non
1080 2601 1219 2684 videtur,
1253 2599 1341 2685 qnod

229 2703 337 2767 Iliadis
370 2702 454 2785 loco,
492 2725 588 2786 quem
621 2716 806 2788 tractamus,
840 2706 994 2768 victoriae
1027 2703 1277 2768 Molionidarum
1299 2703 1340 2766 do

230 2804 372 2870 Nestore
401 2817 583 2890 reportatae
605 2806 719 2893 Phylei
741 2809 860 2872 mentio
883 2809 1106 2890 praemittitur,
1139 2804 1272 2891 abillo,
1305 2816 1341 2871 nt

231 2910 385 2974 credibile
408 2920 469 2993 est,
493 2930 557 2974 uon
580 2901 719 2978 diversi:
1290 2900 1294 2905 ¹

336 3011 420 3099 δουρὶ
442 3007 468 3080 δ
492 3012 683 3100 ὑπειρέβαλον
707 3012 814 3102 Φυλῆά
835 3038 867 3080 τε
888 3013 939 3082 καὶ
961 3013 1152 3100 Πολύδωρον,
1198 3031 1200 3036 ’

230 3137 271 3182 ex
294 3137 359 3201 quo
382 3117 455 3182 loeo
478 3119 574 3182 simul
595 3118 763 3201 probabile
786 3120 832 3202 fit,
854 3121 940 3204 apud
964 3119 1159 3201 Hesiodum,
1193 3117 1340 3185 simodo

230 3220 337 3303 Φυλῆα
358 3239 516 3301 reponas,
548 3241 684 3285 neeesse
712 3242 776 3286 non
799 3244 883 3288 esse⁴
896 3235 931 3288 ut
953 3225 1037 3288 hano
1065 3227 1148 3288 inter
1169 3242 1286 3286 vocem
1308 3229 1341 3285 et

228 3332 402 3405 sequentes
425 3322 545 3405 aliquid
567 3324 728 3389 excidisse
750 3338 937 3391 statuamus.
972 3327 1123 3392 Ceterum
1144 3327 1255 3391 versui
1275 3320 1341 3387 llo·

229 3424 348 3487 merioo
371 3424 403 3487 in
426 3436 580 3490 contextu
603 3425 684 3491 Ven.
707 3431 850 3511 praefixa
874 3431 968 3513 diple.

314 3529 411 3594 Aliud
436 3531 618 3615 exemplum
641 3533 728 3599 lliad.
752 3557 780 3615 σ,
804 3536 884 3598 51οι
908 3534 927 3620 ἡ
951 3536 1039 3620 διπλῆ
1062 3533 1140 3619 πρὸς
1161 3532 1195 3599 τύ
1215 3529 1339 3619 ἀρχαῖον

227 3631 309 3711 ἕδος,
332 3629 377 3698 δτι
398 3633 425 3699 οἱ
447 3635 689 3721 πολιορκούμενοι
711 3634 862 3711 ἐξίστασαν
891 3636 960 3712 τοὺς
979 3636 1138 3722 πολεμίους
1168 3633 1350 3721 &aruspice--

225 3759 304 3821 μενοι
324 3735 362 3803 τδι
383 3739 524 3824 κτήματα,
559 3762 641 3825 quae
664 3743 763 3806 verba
787 3763 884 3828 quum
906 3743 1083 3806 Aristonici
1105 3743 1180 3823 sint,
1214 3742 1340 3807 Lehrsii

224 3841 265 3903 de
288 3844 446 3906 sententia
469 3865 500 3927 p.
526 3845 567 3907 12
589 3845 760 3908 admodum
784 3846 960 3929 probabili,
994 3857 1082 3931 patet
1109 3866 1147 3910 ea
1171 3845 1218 3925 „ad
1240 3846 1340 3910 crisin

222 3945 402 4010 Aristarchi
424 3949 598 4031 respicere.

233 4125 237 4134 ,
309 4048 344 4124 5)
366 4049 444 4134 πρὸς
465 4052 515 4134 τὴν
534 4045 670 4137 Ἀττικὴν
694 4051 830 4125 σύνταξιν.
874 4050 984 4117 Schol.
1014 4053 1053 4116 A.
1078 4074 1103 4134 ε,
1125 4052 1207 4116 700:
1242 4048 1339 4124 ούτονς

214 4143 419 4239 Ἀρίσταρχος
441 4151 595 4242 ἀμφύτερα
618 4157 667 4224 διὰ
687 4166 740 4224 τού
760 4160 778 4221 ἒ
801 4154 1041 4243 ,,προτρίποντο“
1064 4153 1114 4222 ιιαὶ
1136 4153 1208 4239 „tat
1221 4155 1339 4240 νηῶν“·

218 4252 297 4340 λέγει
319 4255 376 4341 γὰρ
400 4255 468 4326 οὔτε
488 4259 698 4347 προτροπάδην
720 4263 844 4346 ἔφευγον
867 4259 916 4329 ἐπὶ
935 4259 990 4340 τὰς
1012 4268 1095 4340 ναῦς·
1125 4259 1146 4348 ἡ
1180 4256 1215 4325 δὲ
1246 4261 1337 4347 διπλῆ
