2902 4822
630 412 632 415 ’
689 431 765 520 raa

165 649 302 714 quorum
323 628 387 693 hoc
409 648 440 710 p.
456 626 509 710 85,
533 626 656 711 origine
678 624 833 693 falsorum
861 645 1015 691 versuum
1037 625 1278 711 appellationis·

165 753 229 818 que
243 730 339 796 simul
358 731 475 796 festive
495 729 675 795 declarata:
702 728 845 794 „Obelus
865 731 1013 795 versibus
1031 730 1277 814 apponiturhae

165 855 273 900 causa.
317 832 506 899 Pisistratus
533 833 700 918 quondam
723 833 969 899 Atheniensium
997 842 1164 919 tyrannus,
1192 835 1279 899 inor·

165 938 272 1003 dinata
295 949 327 1002 et
350 938 485 1002 confusa
507 937 612 1001 adhue
641 938 733 1021 poesi
755 936 900 1019 Homeri,
930 938 1073 1020 praemio
1101 937 1278 1004 sollicitare

164 1043 334 1126 proposuit
357 1061 415 1105 eos
438 1040 494 1126 qui
507 1038 603 1124 [Cod.
615 1037 707 1126 quia]
730 1042 916 1106 ordinarent
933 1039 1029 1126 [Cod.
1043 1039 1287 1128 ordiemsenth

164 1146 269 1229 iisqne
302 1145 436 1228 praemii
459 1145 587 1207 nomine
608 1144 641 1206 in
664 1145 811 1230 singulos
833 1165 950 1210 versus
981 1144 1128 1230 singulos
1162 1144 1277 1210 obelos

164 1249 339 1314 coustituit.
383 1245 536 1311 Mercede
569 1247 659 1311 multi
689 1247 810 1312 inducti
842 1269 1016 1332 pauperes,
1049 1247 1166 1331 quihus
1188 1249 1279 1334 inge·

124 1338 126 1342 ¹
163 1354 251 1416 nium
266 1350 429 1434 affluebat,
452 1353 602 1434 quoniam
613 1360 668 1414 aut
683 1352 827 1416 invenire
839 1362 894 1416 aut
908 1353 1091 1436 disponere,
1114 1362 1149 1416 ut
1170 1349 1279 1436 [abest

163 1465 201 1522 ut
215 1476 234 1521 a
247 1454 339 1537 Cod]
365 1453 525 1519 debebant
548 1447 644 1538 [cod.
669 1453 832 1540 debebatJ,
857 1477 920 1520 uon
942 1466 1104 1540 poterant,
1126 1455 1278 1542 fingendo

163 1560 319 1645 plurimos
342 1566 459 1623 uersus
482 1559 591 1642 operis
613 1557 812 1622 nobilitatem
836 1568 1060 1643 corruperunt.
1095 1557 1188 1624 Unde
1204 1578 1279 1624 eve·

164 1665 221 1747 nit,
250 1675 285 1729 ut
305 1673 420 1747 postea
442 1661 667 1744 prudentiores
689 1663 761 1745 viri,
785 1682 922 1746 quorum
944 1683 1090 1727 summus
1112 1664 1144 1725 in
1167 1663 1278 1728 haere

164 1768 224 1832 fuit
254 1765 480 1847 Aristarchus,
514 1765 663 1849 quotiens
693 1767 903 1849 inprobarent
938 1763 1034 1850 [Cod.
1068 1765 1275 1852 inprobaret]

164 1892 280 1936 versus
303 1870 396 1957 quasi
419 1879 474 1932 aut
496 1868 598 1933 malos
621 1879 676 1932 aut
705 1888 769 1934 non
792 1868 994 1952 Homericos,
1024 1870 1153 1936 obelum
1175 1873 1277 1955 potis·

164 1976 245 2040 sime
272 1973 447 2039 notandum
480 1973 701 2038 existimarent
731 1971 826 2058 [Cod.
857 1971 1084 2058 existiterunt}
1126 1973 1210 2038 Nam
1243 1984 1277 2040 et

163 2077 266 2160 ipsius
288 2073 422 2141 Homeri
444 2076 594 2160 proprios
625 2086 657 2139 et
680 2095 745 2141 non
766 2096 807 2140 eo
835 2076 951 2161 dignos
980 2078 1093 2141 eadem
1115 2078 1178 2142 hae
1200 2089 1277 2143 nota

164 2179 446 2244 condemnarunt.a
495 2177 619 2241 Horum
649 2200 732 2263 quae
759 2191 925 2263 postremo
945 2180 1018 2244 loco
1042 2181 1208 2267 leguntur,
1238 2203 1277 2248 ea

165 2282 206 2346 ad
230 2282 424 2348 criticorum
446 2279 635 2346 Aristarcho
669 2285 886 2366 posteriorum
918 2285 1027 2367 potius
1056 2286 1213 2350 rationem
1235 2285 1277 2350 ab

164 2385 220 2449 illo
242 2384 456 2452 distinendam
479 2396 629 2470 spectare
651 2386 811 2470 videntur,
847 2407 943 2470 quam
965 2386 1086 2470 pariter
1118 2390 1277 2472 spectavit

164 2488 308 2554 Isidorus
331 2488 355 2570 1,
378 2492 496 2574 20,3:
533 2489 685 2571 »Obuius
709 2489 743 2552 id
764 2500 815 2554 est
837 2489 962 2575 virgula
982 2490 1104 2576 iacens,
1128 2493 1155 2573 ²)
1178 2510 1286 2576 app0··

163 2595 251 2659 nitur
273 2594 305 2656 in
339 2595 449 2660 verbis
471 2596 524 2661 vel
546 2594 579 2658 in
601 2595 771 2658 sententiis
794 2593 959 2676 superflue
988 2596 1121 2679 iteratis,
1153 2597 1223 2661 sive
1245 2597 1279 2660 in

163 2697 204 2763 iis
232 2697 326 2780 locis,
358 2699 415 2765 ubi
447 2697 543 2764 lectio
576 2695 684 2780 aliqua
713 2695 852 2762 falsitate
883 2709 993 2763 notata
1025 2708 1087 2783 est,
1120 2709 1156 2765 ut
1185 2701 1279 2785 quasi

164 2803 279 2888 sagitta
309 2801 432 2887 iugulat
464 2820 665 2885 supervacua
695 2811 792 2885 atque
824 2800 906 2868 falsa
934 2801 1109 2869 confodiat.
1153 2801 1278 2888 Sagitta

164 2907 247 2970 enirn
271 2904 396 2970 Graece
419 2901 526 2987 ὀβελὸς
555 2902 699 2969 dicitur.r
745 2903 829 2970 Nam
853 2905 940 2991 quod
964 2906 1077 2970 iterata
1100 2917 1189 2971 esset
1219 2906 1277 2970 ali·

165 3030 228 3094 que
251 3012 410 3079 sententia
443 3010 496 3074 vel
518 3029 645 3090 versus,
678 3007 712 3073 id
737 3009 843 3079 solum
875 2999 1065 3075 Aristarcho
1101 3028 1166 3072 non
1198 3010 1278 3073 tanti

164 3114 280 3197 risum,
304 3123 338 3180 ut
361 3110 498 3198 ἀθέτησιν
521 3134 613 3179 suam
635 3112 812 3197 adhiberet,
836 3134 933 3200 quum
948 3113 1138 3197 praesertim
1153 3112 1286 3179 iteratis

165 3217 313 3282 notandis
334 3217 396 3282 alia
419 3218 512 3303 signa
536 3225 668 3301 praesto
691 3217 825 3283 haberet
847 3217 1003 3300 varioque
1024 3217 1122 3282 modo
1145 3216 1187 3281 de
1208 3217 1278 3281 tali·

164 3319 226 3387 hus
248 3321 452 3386 iudicandum
478 3341 553 3388 esse
576 3331 735 3405 censeret,
769 3322 802 3386 id
824 3321 912 3407 quod
941 3329 1101 3386 testantur
1120 3340 1213 3406 ¹quae
1236 3319 1277 3384 de

164 3424 233 3490 eius
258 3445 319 3490 usu
342 3426 519 3491 asteriscos
543 3435 575 3490 et
597 3427 767 3512 antisigma
789 3424 973 3510 apponendi
996 3425 1173 3489 traduntur.
1227 3417 1235 3450 ⁸

250 3529 315 3593 lam
339 3539 372 3592 nt
396 3530 495 3594 missa
518 3528 672 3594 iaciamus
695 3529 821 3594 somnia
842 3528 907 3612 illa,
937 3528 1056 3614 quibus
1078 3526 1280 3612 grammatici

162 3632 377 3698 laudaticum
409 3633 592 3718 Anonymo
614 3634 646 3696 in
669 3631 840 3696 Villoisoni
872 3630 995 3696 Anecd.
1029 3628 1066 3695 Τ.
1088 3628 1126 3694 11.
1147 3650 1180 3713 p.
1205 3629 1275 3695 183.

164 3736 284 3810 (Behk.
308 3737 431 3803 Anecd.
455 3735 491 3801 T.
514 3736 551 3801 lh
574 3737 719 3820 pede.)
749 3736 783 3798 in
805 3735 929 3821 origine
957 3732 1126 3797 obelorum
1153 3753 1233 3799 usus
1256 3754 1276 3799 a

164 3837 324 3905 Pisistrati
345 3841 419 3905 inde
442 3840 641 3923 temporibus
664 3838 840 3922 repetenda
863 3839 925 3903 sibi
947 3837 1148 3922 placuerunt,
1183 3836 1272 3923 quod

164 3945 205 4010 ad
227 3944 313 4010 obeli
334 3945 463 4029 signum
486 3944 608 4025 attinet,
632 3941 720 4025 quod
742 3943 891 4009 notandis
913 3962 978 4008 non
1000 3942 1106 4007 solum
1128 3939 1279 4007 Homeri·-

217 4187 249 4247 2)
268 4181 311 4238 Ob
330 4182 434 4253 figurae
452 4181 668 4247 similitudinem,
687 4198 772 4253 quare
791 4184 872 4236 etiam
890 4177 979 4259 ῥάβδος
997 4180 1106 4238 Graece
1120 4181 1272 4240 dicebatur.

267 4269 390 4345 Hesych.
402 4267 510 4341 Ῥάβδοι,
527 4263 615 4341 φιλοῖ,
634 4266 656 4324 οἱ
673 4267 846 4348 mprudtpcru
861 4276 912 4332 τοῖς
925 4267 1034 4346 ’θμὴρω
1051 4267 1160 4343 rixare..
