2902 4822
696 438 749 518 69

172 649 190 694 a
224 631 384 715 scriptore
417 631 535 717 aliquid
563 635 710 718 wpositum
744 653 830 721 esse,
860 639 946 722 quod
976 650 1040 732 ⁴out
1071 644 1176 708 minus
1209 656 1284 730 apte
1346 723 1357 726 ,ἢ

171 734 292 799 dietum
316 737 473 819 videatur,
498 759 539 802 ex
561 759 626 824 quo
648 760 768 824 genere
790 753 868 807 sunt
890 743 954 810 loci
976 732 1075 831 supra
1098 746 1195 831 allati,
1229 761 1285 816 aut

171 849 306 922 propter
333 842 379 905 rei
410 840 462 905 vel
495 842 571 907 dieti
594 845 846 930 singularitatem
878 849 1035 915 offendat:
1074 853 1185 938 altera,
1220 874 1283 941 qua

171 944 326 1009 ethetesis
348 965 502 1009 versuum
523 957 661 1011 notatur.

257 1043 310 1108 Ad
331 1047 421 1130 prius
444 1068 547 1132 genus
571 1051 730 1116 referendi
751 1054 785 1119 hi
815 1053 880 1121 loei
903 1070 992 1123 sunt:
1027 1056 1137 1123 Sehol.
1168 1057 1284 1126 Cobeti

170 1148 212 1211 ad
234 1145 344 1233 Eurip.
367 1147 447 1215 lieo.
471 1151 507 1215 3:
528 1149 562 1217 τύ
585 1138 678 1236 γὸτι
701 1153 774 1221 ἴδιον
798 1155 934 1236 Κισσέως
954 1159 1005 1246 τὴν
1020 1157 1163 1246 Ἑκάβην,
1182 1157 1284 1255 Ὁμή-

170 1271 226 1335 ρου
248 1250 395 1336 Δύμαντος
417 1249 505 1338 αύτλγν
528 1251 694 1339 εἰρηκότος·

325 1353 570 1443 αὐτοκασίγνητος
589 1356 741 1446 Ἑκάβης,
763 1361 827 1438 υἱὸς
850 1362 885 1429 δὲ
907 1365 1072 1450 Δύμαντος,

169 1461 226 1526 nbi
238 1462 356 1527 editor:
381 1463 491 1546 „lliad
505 1467 543 1546 ll,
555 1466 627 1530 718.
646 1466 686 1529 ad
699 1488 794 1550 quem
812 1474 920 1534 locum
934 1470 1138 1537 Aristonicus
1156 1493 1197 1537 ex
1209 1474 1283 1538 Ari-

169 1567 301 1631 starcho
315 1569 492 1632 annotavit:
508 1567 526 1653 ἡ
542 1570 630 1654 διπλῆ
645 1565 831 1655 ύτιὍμηρος
843 1572 893 1658 τὴν
902 1570 1035 1660 Ἑκάβην
1049 1575 1205 1661 Δύμαντος,
1219 1574 1236 1643 ύ
1248 1576 1283 1644 δὲ

169 1665 333 1754 utpotae<
351 1666 517 1745 Κτσσίυς.“
556 1669 721 1736 Habemus
751 1676 848 1760 igitur
872 1680 1082 1762 perantiquae
1108 1681 1282 1746 notationis
1355 1667 1357 1669 ¹

169 1772 363 1856 exemplum,
376 1774 470 1858 quale
482 1776 576 1838 etiam
588 1793 729 1857 sequens
744 1785 804 1839 est.
819 1810 861 1824 -
881 1776 970 1842 ldem
990 1800 1038 1844 vs.
1060 1779 1098 1841 4:
1121 1773 1156 1852 δς
1172 1779 1202 1862 μ’
1219 1775 1283 1844 ἐπεὶ

169 1875 298 1958 Φρυγῶν
316 1873 417 1961 πάλιν]
436 1874 504 1964 cd}
522 1873 565 1941 ὅτι
582 1875 610 1941 οἱ
619 1873 757 1961 νεώτεροι
776 1876 934 1963 συγχέουσι
951 1879 1080 1965 Φρυγίαν
1101 1878 1151 1945 καὶ
1163 1879 1283 1964 Τροίαν,

161 1974 304 2062 Ὅμηρος
323 1977 358 2044 δὲ
374 1981 486 2064 διαιρεῖ.
510 1980 652 2046 Cobetus
671 2003 704 2065 p.
725 1983 806 2048 253:
830 1984 1058 2065 „Aristonicus
1077 1984 1118 2047 ad
1138 1982 1226 2047 Iliad.
1246 1983 1281 2064 B,

168 2084 246 2146 862.
265 2081 286 2167 ἡ
305 2085 392 2169 διπλῆ
415 2081 459 2148 ὅτι
470 2084 496 2150 oi
509 2082 646 2168 νεώτεροι
663 2087 713 2170 την
727 2087 833 2172 Τροίαν
845 2084 896 2152 καὶ
913 2088 964 2173 τὴν
977 2087 1107 2172 Φρυγίαν
1125 2087 1176 2172 την
1190 2084 1282 2172 αὐτὴν

168 2179 312 2267 λύγουσιν,
335 2183 352 2250 ὁ
375 2184 409 2251 δὲ
422 2183 563 2272 Ὅμηρος
583 2185 640 2271 ούχ
663 2187 768 2263 ούτυς.
812 2189 900 2254 ldem
923 2191 964 2254 ad
987 2192 1021 2272 F,
1044 2191 1115 2253 184.
1144 2188 1164 2274 ἡ
1191 2190 1280 2277 διπλῆ

169 2283 214 2353 dn
235 2285 368 2376 διαφέρει
389 2289 409 2374 ἡ
432 2292 547 2375 Φρυγία
573 2300 626 2376 τῆς
649 2293 759 2376 Τροίας
780 2289 848 2358 καθ’
864 2289 1013 2377 Ὅμηρον,
1038 2290 1064 2358 ol
1087 2291 1123 2357 δὲ
1144 2288 1282 2375 νεώτεροι

169 2389 336 2475 συγχέουσι.
380 2393 463 2458 Vide
491 2396 629 2460 eundem
660 2396 701 2460 ad
724 2398 761 2478 ss,
784 2397 858 2461 719.
892 2398 926 2476 Σ,
948 2393 1046 2459 totf‘
1090 2393 1191 2459 Vides
1215 2413 1281 2479 quo

168 2495 277 2558 studio
310 2496 411 2561 critici
427 2542 428 2546 τ
442 2498 563 2582 antiqui
597 2498 626 2560 si
659 2517 723 2581 qua
757 2498 908 2562 essetab
939 2495 1111 2562 Homerica
1134 2495 1281 2562 doctrina

168 2598 347 2666 differentia
369 2621 439 2665 eam
462 2603 613 2683 notarim,
645 2602 738 2666 euius
762 2602 939 2666 industriae
957 2602 1017 2666 alia
1039 2601 1186 2684 exempla
1198 2600 1281 2666 infra

167 2704 403 2790 producemus3
438 2727 538 2791 quare
568 2726 632 2771 non
667 2705 789 2788 dubito,
824 2707 901 2790 quin
924 2716 957 2780 ><
987 2715 1062 2769 nota
1089 2704 1184 2767 etiam
1207 2703 1279 2768 aliis

167 2807 315 2876 eiusdem
356 2812 486 2896 generis
524 2811 606 2876 loeis
642 2808 825 2893 Euripideis
860 2808 937 2872 olim
976 2807 1138 2891 adscripta
1171 2805 1279 2888 fuerit,

168 2909 285 2996 quibus
306 2913 642 2999 incuriatemporum,
677 2932 774 2997 quum
796 2912 985 2994 praesertim
1017 2911 1110 2975 eain
1133 2909 1279 2994 margine

167 3013 311 3079 adscribi
328 3017 423 3082 solita
445 3020 497 3102 sit,
521 3028 556 3082 ut
577 3039 653 3081 mox
675 3015 869 3098 videbimus,
893 3014 1117 3077 detrimentum
1142 3012 1277 3095 ceperit,

167 3117 267 3184 veluti
290 3121 332 3185 ad
360 3142 408 3186 vs.
432 3123 495 3185 240
516 3123 595 3204 ἔγνω
619 3119 652 3185 δέ
676 3113 701 3185 α’
722 3117 840 3202 Ἑλένη,
863 3118 919 3183 ubi
949 3116 1098 3183 Scholia:
1131 3112 1277 3183 ἀπίθανον

166 3220 203 3288 τὸ
226 3221 347 3310 πλάσμα
368 3225 419 3291 καὶ
442 3223 500 3311 ούχ
518 3223 698 3312 Ὁμηρικόν·
722 3228 748 3306 ³)
779 3222 814 3290 ού
837 3220 894 3309 γὰρ
924 3221 959 3289 ἂν
989 3219 1123 3307 ἐσίγησεν
1149 3217 1279 3308 Ἑκάβη,

168 3323 307 3409 πολέμιον
328 3325 476 3414 ύεασμίνη
500 3329 712 3395 κατοπτεύοντα
734 3325 770 3394 τὰ
793 3325 870 3394 κατὰ
890 3326 962 3402 τοὺς
983 3330 1092 3411 Τρῶας
1113 3323 1281 3412 πράγματα,

167 3426 246 3514 ἡδὲ
267 3418 372 3515 Ἑλένη
396 3427 531 3505 εἰκύττοςς
545 3467 586 3478 -
609 3430 696 3496 ldem
719 3452 768 3496 vs.
791 3433 872 3495 320:
896 3428 1070 3516 πρεσβῦται]
1094 3427 1129 3494 τὸ
1152 3431 1178 3511 Z
1202 3424 1282 3512 πρὸς

166 3529 236 3614 τὴν.
252 3533 411 3618 συγκοπήν,
441 3534 635 3619 πρεσβύτεραι
667 3531 725 3618 γάρ
757 3535 821 3598 ἔδει
856 3529 955 3615 εἰπεῖν,
979 3540 1036 3597 σοῦ
1067 3528 1154 3596 οὐδὲν
1187 3525 1281 3614 ἧσσον

169 3631 277 3700 ἄθλιαι,
321 3634 411 3701 llaec
435 3638 626 3721 explicatius
656 3639 688 3702 in
710 3635 851 3700 Scholiis
874 3635 1014 3720 vulgatis
1037 3633 1199 3717 leguntur,
1221 3629 1282 3697 sed

169 3737 292 3803 omisso
315 3751 410 3806 notae
431 3742 560 3806 indicio.
580 3776 620 3788 —
643 3741 768 3806 Alcest.
789 3739 869 3804 773:
894 3733 1023 3823 ποτῆρα]
1048 3731 1093 3801 ὅτι
1114 3731 1280 3820 ἀρσενικῶς

169 3836 300 3925 εἴρηται,
313 3841 494 3919 diluent
515 3843 550 3910 τὸ
572 3881 589 3934 χ
613 3840 745 3929 ,λέγεται
766 3840 801 3910 δὲ
822 3841 873 3910 καὶ
894 3843 1030 3929 ποτήριον
1054 3837 1207 3927 ἀρσενικὸν
1226 3837 1282 3907 ού-

170 3942 284 4027 dapne,
308 3941 530 4032 ύποκοριστικὸν
564 3943 791 4033 detentione>
815 3945 848 4014 δὲ
878 3940 1282 4029 semelenentium

171 4101 456 4131 -ι-ι--αη-...ζ
476 4103 482 4118 ί

222 4185 251 4250 d)
271 4183 336 4238 Cod.
357 4177 477 4260 Ὅμηρος.
509 4184 607 4253 Quidni
634 4183 725 4240 lenius
749 4183 903 4241 scribamus
924 4182 1054 4261 Ὀμηρονί
1085 4182 1139 4239 nisi
1162 4185 1285 4254 praestat

273 4275 383 4322 servate
402 4270 513 4325 Codicis
530 4270 649 4325 lectione
668 4265 743 4332 ούτυς
760 4276 822 4345 post
839 4265 885 4345 οὐχ
902 4269 1032 4325 omissum
1050 4273 1157 4343 putare·
