<?xml version="1.0" encoding="UTF-8"?>
<!DOCTYPE html PUBLIC "-//W3C//DTD XHTML 1.0 Transitional//EN"
    "http://www.w3.org/TR/xhtml1/DTD/xhtml1-transitional.dtd">
<html xmlns="http://www.w3.org/1999/xhtml" xml:lang="en" lang="en">
 <head>
  <title>
</title>
<meta http-equiv="Content-Type" content="text/html;charset=utf-8" />
  <meta name='ocr-system' content='tesseract 3.04.00' />
  <meta name='ocr-capabilities' content='ocr_page ocr_carea ocr_par ocr_line ocrx_word'/>
</head>
<body>
  <div class='ocr_page' id='page_1' title='image "./anecdotumromanu00osangoog_0111.png"; bbox 0 0 2902 4822; ppageno 0'>
   <div class='ocr_carea' id='block_1_1' title="bbox 727 448 780 524">
    <p class='ocr_par' dir='ltr' id='par_1_1' title="bbox 727 448 780 524">
     <span class='ocr_line' id='line_1_1' title="bbox 727 448 780 524; baseline 0.019 -1"><span class='ocrx_word' id='word_1_1' title='bbox 727 448 780 524; x_wconf 82' lang='lat'><strong>94</strong></span> 
     </span>
    </p>
   </div>
   <div class='ocr_carea' id='block_1_2' title="bbox 196 628 1315 738">
    <p class='ocr_par' dir='ltr' id='par_1_2' title="bbox 196 628 1315 738">
     <span class='ocr_line' id='line_1_2' title="bbox 196 628 1315 738; baseline 0.011 -30"><span class='ocrx_word' id='word_1_2' title='bbox 196 643 270 708; x_wconf 80' lang='grc'><strong>684.</strong></span> <span class='ocrx_word' id='word_1_3' title='bbox 283 642 376 706; x_wconf 90' lang='grc'><strong>1188.</strong></span> <span class='ocrx_word' id='word_1_4' title='bbox 410 639 513 705; x_wconf 85' lang='lat' dir='ltr'><strong>Etiam</strong></span> <span class='ocrx_word' id='word_1_5' title='bbox 536 639 661 724; x_wconf 82' lang='lat' dir='ltr'><strong>plenior</strong></span> <span class='ocrx_word' id='word_1_6' title='bbox 685 628 888 726; x_wconf 54' lang='lat' dir='ltr'><strong>Antigene:</strong></span> <span class='ocrx_word' id='word_1_7' title='bbox 911 639 961 709; x_wconf 79' lang='grc' dir='ltr'><strong>ἐπὶ</strong></span> <span class='ocrx_word' id='word_1_8' title='bbox 980 651 1026 730; x_wconf 73' lang='grc' dir='ltr'><strong>τῷ</strong></span> <span class='ocrx_word' id='word_1_9' title='bbox 1045 642 1123 714; x_wconf 83' lang='grc' dir='ltr'><strong>τίλει</strong></span> <span class='ocrx_word' id='word_1_10' title='bbox 1144 647 1315 738; x_wconf 68' lang='grc' dir='ltr'><strong>παρόρραει·</strong></span> 
     </span>
    </p>
   </div>
   <div class='ocr_carea' id='block_1_3' title="bbox 168 729 1308 3417">
    <p class='ocr_par' dir='ltr' id='par_1_3' title="bbox 187 729 1305 1659">
     <span class='ocr_line' id='line_1_3' title="bbox 196 729 1305 830; baseline 0.01 -18"><span class='ocrx_word' id='word_1_11' title='bbox 196 770 252 830; x_wconf 82' lang='grc' dir='ltr'><strong>ρος</strong></span> <span class='ocrx_word' id='word_1_12' title='bbox 278 741 328 810; x_wconf 88' lang='grc' dir='ltr'><strong>καὶ</strong></span> <span class='ocrx_word' id='word_1_13' title='bbox 348 729 456 810; x_wconf 76' lang='grc' dir='ltr'><strong>Ιδιπλαῖ</strong></span> <span class='ocrx_word' id='word_1_14' title='bbox 487 744 633 829; x_wconf 78' lang='grc' dir='ltr'><strong>συνήθως,</strong></span> <span class='ocrx_word' id='word_1_15' title='bbox 674 742 694 829; x_wconf 78' lang='grc' dir='ltr'><strong>ἠ</strong></span> <span class='ocrx_word' id='word_1_16' title='bbox 726 742 776 827; x_wconf 79' lang='grc' dir='ltr'><strong>μὲν</strong></span> <span class='ocrx_word' id='word_1_17' title='bbox 804 739 866 807; x_wconf 80' lang='grc' dir='ltr'><strong>κατ’</strong></span> <span class='ocrx_word' id='word_1_18' title='bbox 901 742 1000 830; x_wconf 83' lang='grc' dir='ltr'><strong>ἀρχὰς</strong></span> <span class='ocrx_word' id='word_1_19' title='bbox 1031 757 1085 815; x_wconf 82' lang='grc' dir='ltr'><strong>τοῦ</strong></span> <span class='ocrx_word' id='word_1_20' title='bbox 1112 751 1214 820; x_wconf 81' lang='grc' dir='ltr'><strong>κόλου</strong></span> <span class='ocrx_word' id='word_1_21' title='bbox 1242 756 1305 830; x_wconf 72' lang='grc' dir='ltr'><strong>ἔξω</strong></span> 
     </span>
     <span class='ocr_line' id='line_1_4' title="bbox 193 846 1303 942; baseline 0.011 -27"><span class='ocrx_word' id='word_1_22' title='bbox 193 857 352 930; x_wconf 79' lang='grc' dir='ltr'><strong>νενευκυῖα,</strong></span> <span class='ocrx_word' id='word_1_23' title='bbox 385 849 406 934; x_wconf 80' lang='grc' dir='ltr'>ἡ</span> <span class='ocrx_word' id='word_1_24' title='bbox 438 847 486 914; x_wconf 78' lang='grc' dir='ltr'><strong>ἐστὶ</strong></span> <span class='ocrx_word' id='word_1_25' title='bbox 517 857 562 936; x_wconf 70' lang='grc' dir='ltr'><strong>τῷ</strong></span> <span class='ocrx_word' id='word_1_26' title='bbox 589 846 666 913; x_wconf 77' lang='grc' dir='ltr'><strong>τέλει</strong></span> <span class='ocrx_word' id='word_1_27' title='bbox 694 846 730 911; x_wconf 84' lang='grc' dir='ltr'><strong>δὲ</strong></span> <span class='ocrx_word' id='word_1_28' title='bbox 758 848 832 912; x_wconf 73' lang='grc' dir='ltr'><strong>ἔσω.</strong></span> <span class='ocrx_word' id='word_1_29' title='bbox 877 848 972 914; x_wconf 85' lang='lat' dir='ltr'><strong>Adde</strong></span> <span class='ocrx_word' id='word_1_30' title='bbox 994 854 1082 934; x_wconf 81' lang='lat' dir='ltr'><strong>quod</strong></span> <span class='ocrx_word' id='word_1_31' title='bbox 1111 858 1303 942; x_wconf 68' lang='lat' dir='ltr'>signationis</span> 
     </span>
     <span class='ocr_line' id='line_1_5' title="bbox 194 951 1303 1036; baseline 0.01 -18"><span class='ocrx_word' id='word_1_32' title='bbox 194 976 230 1018; x_wconf 89' lang='lat' dir='ltr'><strong>ea</strong></span> <span class='ocrx_word' id='word_1_33' title='bbox 260 955 401 1019; x_wconf 89' lang='lat' dir='ltr'><strong>conditio</strong></span> <span class='ocrx_word' id='word_1_34' title='bbox 434 963 484 1017; x_wconf 90' lang='lat' dir='ltr'><strong>est</strong></span> <span class='ocrx_word' id='word_1_35' title='bbox 508 962 680 1036; x_wconf 87' lang='lat' dir='ltr'><strong>perpetua,</strong></span> <span class='ocrx_word' id='word_1_36' title='bbox 711 961 746 1015; x_wconf 93' lang='lat' dir='ltr'><strong>ut</strong></span> <span class='ocrx_word' id='word_1_37' title='bbox 780 951 894 1015; x_wconf 87' lang='lat' dir='ltr'><strong>scholii</strong></span> <span class='ocrx_word' id='word_1_38' title='bbox 926 956 1050 1019; x_wconf 88' lang='lat' dir='ltr'><strong>metrici</strong></span> <span class='ocrx_word' id='word_1_39' title='bbox 1083 959 1145 1022; x_wconf 89' lang='lat' dir='ltr'><strong>sub</strong></span> <span class='ocrx_word' id='word_1_40' title='bbox 1178 962 1303 1029; x_wconf 80' lang='lat' dir='ltr'><strong>caluom</strong></span> 
     </span>
     <span class='ocr_line' id='line_1_6' title="bbox 192 1054 1303 1139; baseline 0.011 -18"><span class='ocrx_word' id='word_1_41' title='bbox 192 1059 360 1122; x_wconf 92' lang='lat' dir='ltr'><strong>adiiciatur</strong></span> <span class='ocrx_word' id='word_1_42' title='bbox 383 1066 414 1120; x_wconf 94' lang='lat' dir='ltr'><strong>et</strong></span> <span class='ocrx_word' id='word_1_43' title='bbox 437 1077 510 1121; x_wconf 91' lang='lat' dir='ltr'><strong>cum</strong></span> <span class='ocrx_word' id='word_1_44' title='bbox 533 1067 642 1120; x_wconf 91' lang='lat' dir='ltr'><strong>cetero</strong></span> <span class='ocrx_word' id='word_1_45' title='bbox 665 1054 779 1120; x_wconf 90' lang='lat' dir='ltr'><strong>scholii</strong></span> <span class='ocrx_word' id='word_1_46' title='bbox 808 1068 999 1139; x_wconf 81' lang='lat' dir='ltr'><strong>argumento</strong></span> <span class='ocrx_word' id='word_1_47' title='bbox 1028 1059 1107 1124; x_wconf 89' lang='lat' dir='ltr'>nihil</span> <span class='ocrx_word' id='word_1_48' title='bbox 1131 1083 1303 1133; x_wconf 83' lang='lat' dir='ltr'><strong>commuue</strong></span> 
     </span>
     <span class='ocr_line' id='line_1_7' title="bbox 191 1159 1301 1246; baseline 0.006 -20"><span class='ocrx_word' id='word_1_49' title='bbox 191 1162 324 1226; x_wconf 88' lang='lat' dir='ltr'><strong>habeat:</strong></span> <span class='ocrx_word' id='word_1_50' title='bbox 349 1181 444 1245; x_wconf 90' lang='lat' dir='ltr'><strong>quam</strong></span> <span class='ocrx_word' id='word_1_51' title='bbox 466 1160 572 1244; x_wconf 86' lang='lat' dir='ltr'><strong>legem</strong></span> <span class='ocrx_word' id='word_1_52' title='bbox 595 1160 765 1242; x_wconf 83' lang='lat' dir='ltr'><strong>positionis</strong></span> <span class='ocrx_word' id='word_1_53' title='bbox 788 1177 852 1222; x_wconf 93' lang='lat' dir='ltr'><strong>nno</strong></span> <span class='ocrx_word' id='word_1_54' title='bbox 878 1159 952 1222; x_wconf 91' lang='lat' dir='ltr'><strong>loco</strong></span> <span class='ocrx_word' id='word_1_55' title='bbox 980 1161 1160 1246; x_wconf 76' lang='lat' dir='ltr'>neglectam</span> <span class='ocrx_word' id='word_1_56' title='bbox 1188 1168 1301 1233; x_wconf 85' lang='lat' dir='ltr'><strong>ohser-</strong></span> 
     </span>
     <span class='ocr_line' id='line_1_8' title="bbox 190 1260 1297 1355; baseline 0.008 -27"><span class='ocrx_word' id='word_1_57' title='bbox 190 1266 275 1348; x_wconf 82' lang='lat' dir='ltr'><strong>vavi,</strong></span> <span class='ocrx_word' id='word_1_58' title='bbox 299 1265 406 1349; x_wconf 81' lang='lat' dir='ltr'><strong>Antig.</strong></span> <span class='ocrx_word' id='word_1_59' title='bbox 433 1263 527 1327; x_wconf 98' lang='grc'><strong>1263.</strong></span> <span class='ocrx_word' id='word_1_60' title='bbox 572 1260 621 1325; x_wconf 86' lang='lat' dir='ltr'><strong>Ex</strong></span> <span class='ocrx_word' id='word_1_61' title='bbox 644 1262 757 1325; x_wconf 89' lang='lat' dir='ltr'><strong>eadem</strong></span> <span class='ocrx_word' id='word_1_62' title='bbox 781 1262 918 1345; x_wconf 86' lang='lat' dir='ltr'><strong>denique</strong></span> <span class='ocrx_word' id='word_1_63' title='bbox 942 1282 1057 1327; x_wconf 82' lang='lat' dir='ltr'><strong>caussa</strong></span> <span class='ocrx_word' id='word_1_64' title='bbox 1075 1270 1297 1355; x_wconf 88' lang='lat' dir='ltr'><strong>repetendum,</strong></span> 
     </span>
     <span class='ocr_line' id='line_1_9' title="bbox 190 1365 1297 1453; baseline 0.007 -21"><span class='ocrx_word' id='word_1_65' title='bbox 190 1369 276 1453; x_wconf 89' lang='lat' dir='ltr'><strong>quod</strong></span> <span class='ocrx_word' id='word_1_66' title='bbox 299 1370 331 1430; x_wconf 91' lang='lat' dir='ltr'><strong>in</strong></span> <span class='ocrx_word' id='word_1_67' title='bbox 354 1366 531 1429; x_wconf 78' lang='lat' dir='ltr'><strong>Trachiniis</strong></span> <span class='ocrx_word' id='word_1_68' title='bbox 548 1366 759 1447; x_wconf 77' lang='lat' dir='ltr'><strong>parcissimus</strong></span> <span class='ocrx_word' id='word_1_69' title='bbox 782 1365 1032 1448; x_wconf 78' lang='lat' dir='ltr'><strong>deprehenditur</strong></span> <span class='ocrx_word' id='word_1_70' title='bbox 1050 1380 1198 1436; x_wconf 92' lang='lat' dir='ltr'><strong>notarum</strong></span> <span class='ocrx_word' id='word_1_71' title='bbox 1215 1394 1297 1441; x_wconf 76' lang='lat' dir='ltr'><strong>usus</strong></span> 
     </span>
     <span class='ocr_line' id='line_1_10' title="bbox 189 1469 1295 1556; baseline 0.007 -21"><span class='ocrx_word' id='word_1_72' title='bbox 189 1474 312 1536; x_wconf 90' lang='lat' dir='ltr'><strong>eteius</strong></span> <span class='ocrx_word' id='word_1_73' title='bbox 337 1471 463 1555; x_wconf 79' lang='lat' dir='ltr'><strong>quidem</strong></span> <span class='ocrx_word' id='word_1_74' title='bbox 480 1469 584 1551; x_wconf 82' lang='lat' dir='ltr'><strong>modi,</strong></span> <span class='ocrx_word' id='word_1_75' title='bbox 609 1480 644 1532; x_wconf 88' lang='lat' dir='ltr'><strong>ut</strong></span> <span class='ocrx_word' id='word_1_76' title='bbox 667 1489 777 1532; x_wconf 90' lang='lat' dir='ltr'><strong>earum</strong></span> <span class='ocrx_word' id='word_1_77' title='bbox 800 1489 883 1552; x_wconf 89' lang='lat' dir='ltr'><strong>quae</strong></span> <span class='ocrx_word' id='word_1_78' title='bbox 906 1481 981 1533; x_wconf 91' lang='lat' dir='ltr'><strong>sunt</strong></span> <span class='ocrx_word' id='word_1_79' title='bbox 1004 1475 1224 1556; x_wconf 85' lang='lat' dir='ltr'><strong>exquisitioris</strong></span> <span class='ocrx_word' id='word_1_80' title='bbox 1245 1498 1295 1543; x_wconf 82' lang='lat' dir='ltr'><strong>ra·</strong></span> 
     </span>
     <span class='ocr_line' id='line_1_11' title="bbox 187 1572 1034 1659; baseline -0.005 -18"><span class='ocrx_word' id='word_1_81' title='bbox 187 1579 295 1659; x_wconf 83' lang='lat' dir='ltr'><strong>tionis,</strong></span> <span class='ocrx_word' id='word_1_82' title='bbox 319 1587 353 1639; x_wconf 94' lang='lat' dir='ltr'><strong>ut</strong></span> <span class='ocrx_word' id='word_1_83' title='bbox 376 1574 542 1656; x_wconf 87' lang='lat' dir='ltr'><strong>diplarum‚</strong></span> <span class='ocrx_word' id='word_1_84' title='bbox 567 1572 652 1636; x_wconf 93' lang='lat' dir='ltr'><strong>nulla</strong></span> <span class='ocrx_word' id='word_1_85' title='bbox 675 1574 805 1635; x_wconf 91' lang='lat' dir='ltr'><strong>omnino</strong></span> <span class='ocrx_word' id='word_1_86' title='bbox 827 1572 881 1635; x_wconf 86' lang='lat' dir='ltr'><strong>fiat</strong></span> <span class='ocrx_word' id='word_1_87' title='bbox 905 1575 1034 1638; x_wconf 87' lang='lat' dir='ltr'><strong>mentio.</strong></span> 
     </span>
    </p>

    <p class='ocr_par' dir='ltr' id='par_1_4' title="bbox 168 1667 1308 3417">
     <span class='ocr_line' id='line_1_12' title="bbox 273 1667 1294 1753; baseline 0.008 -12"><span class='ocrx_word' id='word_1_88' title='bbox 273 1678 323 1741; x_wconf 88' lang='lat' dir='ltr'><strong>Ex</strong></span> <span class='ocrx_word' id='word_1_89' title='bbox 345 1698 381 1740; x_wconf 94' lang='lat' dir='ltr'><strong>re</strong></span> <span class='ocrx_word' id='word_1_90' title='bbox 404 1696 479 1740; x_wconf 88' lang='lat' dir='ltr'><strong>esse</strong></span> <span class='ocrx_word' id='word_1_91' title='bbox 502 1667 645 1753; x_wconf 83' lang='lat' dir='ltr'><strong>videtur,</strong></span> <span class='ocrx_word' id='word_1_92' title='bbox 677 1677 850 1739; x_wconf 79' lang='lat' dir='ltr'><strong>mantissae</strong></span> <span class='ocrx_word' id='word_1_93' title='bbox 879 1678 954 1742; x_wconf 89' lang='lat' dir='ltr'><strong>loco</strong></span> <span class='ocrx_word' id='word_1_94' title='bbox 977 1699 1040 1742; x_wconf 91' lang='lat' dir='ltr'><strong>una</strong></span> <span class='ocrx_word' id='word_1_95' title='bbox 1074 1681 1231 1747; x_wconf 82' lang='lat' dir='ltr'><strong>exhibere</strong></span> <span class='ocrx_word' id='word_1_96' title='bbox 1260 1694 1294 1749; x_wconf 88' lang='lat' dir='ltr'><strong>et</strong></span> 
     </span>
     <span class='ocr_line' id='line_1_13' title="bbox 186 1778 1308 1869; baseline 0.004 -24"><span class='ocrx_word' id='word_1_97' title='bbox 186 1783 351 1865; x_wconf 83' lang='lat' dir='ltr'><strong>signorum</strong></span> <span class='ocrx_word' id='word_1_98' title='bbox 374 1781 406 1842; x_wconf 90' lang='lat' dir='ltr'><strong>in</strong></span> <span class='ocrx_word' id='word_1_99' title='bbox 428 1778 599 1862; x_wconf 80' lang='lat' dir='ltr'><strong>Sophoclis</strong></span> <span class='ocrx_word' id='word_1_100' title='bbox 623 1779 763 1844; x_wconf 86' lang='lat' dir='ltr'><strong>Scholiis</strong></span> <span class='ocrx_word' id='word_1_101' title='bbox 787 1792 1108 1846; x_wconf 89' lang='lat' dir='ltr'><strong>commemaratorum</strong></span> <span class='ocrx_word' id='word_1_102' title='bbox 1131 1785 1308 1869; x_wconf 69' lang='lat' dir='ltr'><strong>syllabum‘</strong></span> 
     </span>
     <span class='ocr_line' id='line_1_14' title="bbox 185 1882 1293 1970; baseline 0.005 -23"><span class='ocrx_word' id='word_1_103' title='bbox 185 1905 259 1947; x_wconf 92' lang='lat' dir='ltr'><strong>oum</strong></span> <span class='ocrx_word' id='word_1_104' title='bbox 281 1885 427 1966; x_wconf 92' lang='lat' dir='ltr'><strong>ipsorum</strong></span> <span class='ocrx_word' id='word_1_105' title='bbox 449 1882 593 1945; x_wconf 91' lang='lat' dir='ltr'><strong>locorum</strong></span> <span class='ocrx_word' id='word_1_106' title='bbox 624 1885 825 1968; x_wconf 85' lang='lat' dir='ltr'><strong>singulorum</strong></span> <span class='ocrx_word' id='word_1_107' title='bbox 857 1888 1071 1950; x_wconf 77' lang='lat' dir='ltr'><strong>enarratione.</strong></span> <span class='ocrx_word' id='word_1_108' title='bbox 1117 1885 1168 1950; x_wconf 88' lang='lat' dir='ltr'><strong>De</strong></span> <span class='ocrx_word' id='word_1_109' title='bbox 1199 1908 1293 1970; x_wconf 84' lang='lat' dir='ltr'><strong>para·</strong></span> 
     </span>
     <span class='ocr_line' id='line_1_15' title="bbox 184 1983 1292 2074; baseline 0.004 -24"><span class='ocrx_word' id='word_1_110' title='bbox 184 1988 308 2072; x_wconf 84' lang='lat' dir='ltr'><strong>grapho</strong></span> <span class='ocrx_word' id='word_1_111' title='bbox 343 1997 375 2050; x_wconf 92' lang='lat' dir='ltr'><strong>et</strong></span> <span class='ocrx_word' id='word_1_112' title='bbox 398 1983 562 2067; x_wconf 78' lang='lat' dir='ltr'><strong>coronide,</strong></span> <span class='ocrx_word' id='word_1_113' title='bbox 597 1987 725 2069; x_wconf 87' lang='lat' dir='ltr'><strong>quando</strong></span> <span class='ocrx_word' id='word_1_114' title='bbox 757 1991 942 2072; x_wconf 85' lang='lat' dir='ltr'><strong>systematis</strong></span> <span class='ocrx_word' id='word_1_115' title='bbox 973 1991 1035 2053; x_wconf 89' lang='lat' dir='ltr'><strong>sub</strong></span> <span class='ocrx_word' id='word_1_116' title='bbox 1066 1989 1161 2053; x_wconf 80' lang='lat' dir='ltr'><strong>finem</strong></span> <span class='ocrx_word' id='word_1_117' title='bbox 1191 2010 1292 2074; x_wconf 91' lang='lat' dir='ltr'><strong>appo·</strong></span> 
     </span>
     <span class='ocr_line' id='line_1_16' title="bbox 182 2089 1290 2176; baseline 0.005 -22"><span class='ocrx_word' id='word_1_118' title='bbox 182 2103 320 2173; x_wconf 85' lang='lat' dir='ltr'><strong>nnntnr,</strong></span> <span class='ocrx_word' id='word_1_119' title='bbox 359 2089 558 2172; x_wconf 88' lang='lat' dir='ltr'><strong>supersedeo</strong></span> <span class='ocrx_word' id='word_1_120' title='bbox 593 2090 684 2153; x_wconf 90' lang='lat' dir='ltr'><strong>locos</strong></span> <span class='ocrx_word' id='word_1_121' title='bbox 719 2110 907 2154; x_wconf 89' lang='lat' dir='ltr'><strong>enumerare</strong></span> <span class='ocrx_word' id='word_1_122' title='bbox 941 2092 1138 2175; x_wconf 84' lang='lat' dir='ltr'><strong>innumeros,</strong></span> <span class='ocrx_word' id='word_1_123' title='bbox 1175 2096 1290 2176; x_wconf 82' lang='lat' dir='ltr'><strong>partim</strong></span> 
     </span>
     <span class='ocr_line' id='line_1_17' title="bbox 181 2191 1290 2278; baseline 0.005 -19"><span class='ocrx_word' id='word_1_124' title='bbox 181 2214 279 2278; x_wconf 88' lang='lat' dir='ltr'><strong>supra</strong></span> <span class='ocrx_word' id='word_1_125' title='bbox 300 2193 470 2257; x_wconf 90' lang='lat' dir='ltr'><strong>indicatos.</strong></span> <span class='ocrx_word' id='word_1_126' title='bbox 515 2191 618 2256; x_wconf 93' lang='lat' dir='ltr'><strong>Unum</strong></span> <span class='ocrx_word' id='word_1_127' title='bbox 649 2193 757 2256; x_wconf 83' lang='lat' dir='ltr'><strong>locum</strong></span> <span class='ocrx_word' id='word_1_128' title='bbox 789 2195 971 2258; x_wconf 87' lang='lat' dir='ltr'><strong>exscribam</strong></span> <span class='ocrx_word' id='word_1_129' title='bbox 1002 2216 1096 2260; x_wconf 90' lang='lat' dir='ltr'><strong>usum</strong></span> <span class='ocrx_word' id='word_1_130' title='bbox 1125 2198 1290 2265; x_wconf 76' lang='lat' dir='ltr'><strong>coronidis</strong></span> 
     </span>
     <span class='ocr_line' id='line_1_18' title="bbox 179 2293 1288 2385; baseline 0.005 -24"><span class='ocrx_word' id='word_1_131' title='bbox 179 2297 407 2378; x_wconf 82' lang='lat' dir='ltr'><strong>illustrantem,</strong></span> <span class='ocrx_word' id='word_1_132' title='bbox 437 2297 527 2360; x_wconf 88' lang='lat' dir='ltr'><strong>Aiac.</strong></span> <span class='ocrx_word' id='word_1_133' title='bbox 558 2297 642 2360; x_wconf 77' lang='lat'>615:</span> <span class='ocrx_word' id='word_1_134' title='bbox 684 2293 733 2360; x_wconf 77' lang='grc' dir='ltr'><strong>ἐπὶ</strong></span> <span class='ocrx_word' id='word_1_135' title='bbox 760 2302 805 2382; x_wconf 76' lang='grc' dir='ltr'><strong>τῷ</strong></span> <span class='ocrx_word' id='word_1_136' title='bbox 826 2295 903 2361; x_wconf 78' lang='grc' dir='ltr'><strong>τέλει</strong></span> <span class='ocrx_word' id='word_1_137' title='bbox 928 2306 982 2383; x_wconf 79' lang='grc' dir='ltr'><strong>τῆς</strong></span> <span class='ocrx_word' id='word_1_138' title='bbox 1017 2305 1151 2383; x_wconf 77' lang='grc' dir='ltr'>στροφῆς</span> <span class='ocrx_word' id='word_1_139' title='bbox 1184 2297 1288 2385; x_wconf 82' lang='grc' dir='ltr'><strong>παρό-</strong></span> 
     </span>
     <span class='ocr_line' id='line_1_19' title="bbox 179 2396 1288 2487; baseline 0.007 -23"><span class='ocrx_word' id='word_1_140' title='bbox 179 2423 293 2486; x_wconf 76' lang='grc' dir='ltr'><strong>γραρος</strong></span> <span class='ocrx_word' id='word_1_141' title='bbox 313 2401 432 2479; x_wconf 86' lang='grc' dir='ltr'><strong>τίθεται,</strong></span> <span class='ocrx_word' id='word_1_142' title='bbox 456 2396 503 2465; x_wconf 78' lang='grc' dir='ltr'><strong>ἐπὶ</strong></span> <span class='ocrx_word' id='word_1_143' title='bbox 526 2398 559 2464; x_wconf 81' lang='grc' dir='ltr'><strong>δὲ</strong></span> <span class='ocrx_word' id='word_1_144' title='bbox 581 2406 626 2485; x_wconf 76' lang='grc' dir='ltr'><strong>τῷ</strong></span> <span class='ocrx_word' id='word_1_145' title='bbox 646 2397 723 2463; x_wconf 80' lang='grc' dir='ltr'><strong>τέλει</strong></span> <span class='ocrx_word' id='word_1_146' title='bbox 740 2408 794 2484; x_wconf 80' lang='grc' dir='ltr'><strong>τῆς</strong></span> <span class='ocrx_word' id='word_1_147' title='bbox 816 2397 1008 2487; x_wconf 78' lang='grc' dir='ltr'><strong>ἆντιστροφής</strong></span> <span class='ocrx_word' id='word_1_148' title='bbox 1026 2403 1167 2486; x_wconf 86' lang='grc' dir='ltr'><strong>κορωνίς·</strong></span> <span class='ocrx_word' id='word_1_149' title='bbox 1190 2401 1288 2478; x_wconf 63' lang='grc' dir='ltr'><strong>ἐξιόν-</strong></span> 
     </span>
     <span class='ocr_line' id='line_1_20' title="bbox 177 2501 1289 2592; baseline 0.004 -23"><span class='ocrx_word' id='word_1_150' title='bbox 177 2529 234 2569; x_wconf 86' lang='grc' dir='ltr'><strong>των</strong></span> <span class='ocrx_word' id='word_1_151' title='bbox 257 2503 313 2589; x_wconf 80' lang='grc' dir='ltr'><strong>γὰρ</strong></span> <span class='ocrx_word' id='word_1_152' title='bbox 338 2512 397 2567; x_wconf 84' lang='grc' dir='ltr'><strong>τῶν</strong></span> <span class='ocrx_word' id='word_1_153' title='bbox 431 2503 595 2588; x_wconf 82' lang='grc' dir='ltr'><strong>ὑποκριτῶν</strong></span> <span class='ocrx_word' id='word_1_154' title='bbox 628 2501 678 2567; x_wconf 90' lang='grc' dir='ltr'><strong>καὶ</strong></span> <span class='ocrx_word' id='word_1_155' title='bbox 711 2512 770 2566; x_wconf 85' lang='grc' dir='ltr'><strong>τῶν</strong></span> <span class='ocrx_word' id='word_1_156' title='bbox 799 2514 950 2587; x_wconf 83' lang='grc' dir='ltr'><strong>χορευτῶν</strong></span> <span class='ocrx_word' id='word_1_157' title='bbox 983 2503 1127 2570; x_wconf 81' lang='grc' dir='ltr'><strong>εἰσιόντων</strong></span> <span class='ocrx_word' id='word_1_158' title='bbox 1161 2505 1289 2592; x_wconf 73' lang='grc' dir='ltr'><strong>κορωνὶς</strong></span> 
     </span>
     <span class='ocr_line' id='line_1_21' title="bbox 176 2604 1287 2697; baseline 0.006 -25"><span class='ocrx_word' id='word_1_159' title='bbox 176 2608 294 2689; x_wconf 77' lang='grc' dir='ltr'><strong>τίθεται,</strong></span> <span class='ocrx_word' id='word_1_160' title='bbox 329 2604 381 2672; x_wconf 81' lang='grc' dir='ltr'><strong>καὶ</strong></span> <span class='ocrx_word' id='word_1_161' title='bbox 408 2605 495 2682; x_wconf 79' lang='grc' dir='ltr'><strong>αὖθις</strong></span> <span class='ocrx_word' id='word_1_162' title='bbox 520 2615 579 2671; x_wconf 82' lang='grc' dir='ltr'><strong>τιῖιν</strong></span> <span class='ocrx_word' id='word_1_163' title='bbox 612 2615 761 2690; x_wconf 82' lang='grc' dir='ltr'><strong>χορευτῶν</strong></span> <span class='ocrx_word' id='word_1_164' title='bbox 795 2605 928 2679; x_wconf 77' lang='grc' dir='ltr'><strong>ἐξιόντων</strong></span> <span class='ocrx_word' id='word_1_165' title='bbox 957 2607 1009 2675; x_wconf 87' lang='grc' dir='ltr'><strong>καὶ</strong></span> <span class='ocrx_word' id='word_1_166' title='bbox 1039 2617 1099 2675; x_wconf 86' lang='grc' dir='ltr'><strong>τῶν</strong></span> <span class='ocrx_word' id='word_1_167' title='bbox 1121 2609 1287 2697; x_wconf 74' lang='grc' dir='ltr'><strong>ὑποκριτῶν</strong></span> 
     </span>
     <span class='ocr_line' id='line_1_22' title="bbox 176 2709 1284 2796; baseline 0.005 -21"><span class='ocrx_word' id='word_1_168' title='bbox 176 2709 322 2775; x_wconf 82' lang='grc' dir='ltr'><strong>εἰσιόντων</strong></span> <span class='ocrx_word' id='word_1_169' title='bbox 345 2710 364 2796; x_wconf 83' lang='grc' dir='ltr'>ἡ</span> <span class='ocrx_word' id='word_1_170' title='bbox 388 2709 460 2796; x_wconf 61' lang='lat' dir='ltr'><strong>adri]</strong></span> <span class='ocrx_word' id='word_1_171' title='bbox 484 2709 610 2795; x_wconf 84' lang='grc' dir='ltr'><strong>κορωνὶς</strong></span> <span class='ocrx_word' id='word_1_172' title='bbox 631 2711 747 2774; x_wconf 76' lang='grc' dir='ltr'><strong>τίθεται.</strong></span> <span class='ocrx_word' id='word_1_173' title='bbox 781 2710 829 2776; x_wconf 84' lang='lat' dir='ltr'><strong>Cf.</strong></span> <span class='ocrx_word' id='word_1_174' title='bbox 849 2711 929 2775; x_wconf 85' lang='lat' dir='ltr'><strong>Oed.</strong></span> <span class='ocrx_word' id='word_1_175' title='bbox 949 2712 986 2775; x_wconf 90' lang='lat' dir='ltr'><strong>R.</strong></span> <span class='ocrx_word' id='word_1_176' title='bbox 1008 2714 1080 2778; x_wconf 84' lang='grc'><strong>482.</strong></span> <span class='ocrx_word' id='word_1_177' title='bbox 1093 2716 1171 2778; x_wconf 68' lang='grc'><strong>487.</strong></span> <span class='ocrx_word' id='word_1_178' title='bbox 1194 2718 1284 2781; x_wconf 89' lang='grc'><strong>1077.</strong></span> 
     </span>
     <span class='ocr_line' id='line_1_23' title="bbox 175 2814 1284 2900; baseline 0.007 -23"><span class='ocrx_word' id='word_1_179' title='bbox 175 2814 289 2898; x_wconf 91' lang='lat' dir='ltr'><strong>Diplae</strong></span> <span class='ocrx_word' id='word_1_180' title='bbox 311 2817 480 2900; x_wconf 86' lang='lat' dir='ltr'><strong>utriusque</strong></span> <span class='ocrx_word' id='word_1_181' title='bbox 502 2836 582 2880; x_wconf 90' lang='lat' dir='ltr'><strong>usus</strong></span> <span class='ocrx_word' id='word_1_182' title='bbox 605 2814 690 2876; x_wconf 92' lang='lat' dir='ltr'><strong>idem</strong></span> <span class='ocrx_word' id='word_1_183' title='bbox 713 2835 809 2898; x_wconf 89' lang='lat' dir='ltr'><strong>quem</strong></span> <span class='ocrx_word' id='word_1_184' title='bbox 838 2815 871 2876; x_wconf 92' lang='lat' dir='ltr'><strong>in</strong></span> <span class='ocrx_word' id='word_1_185' title='bbox 893 2815 1119 2898; x_wconf 77' lang='lat' dir='ltr'><strong>Aristophanis</strong></span> <span class='ocrx_word' id='word_1_186' title='bbox 1144 2816 1284 2885; x_wconf 80' lang='lat' dir='ltr'><strong>Scholiia</strong></span> 
     </span>
     <span class='ocr_line' id='line_1_24' title="bbox 174 2918 1283 3006; baseline 0.006 -26"><span class='ocrx_word' id='word_1_187' title='bbox 174 2921 365 2983; x_wconf 88' lang='lat' dir='ltr'><strong>notavimus.</strong></span> <span class='ocrx_word' id='word_1_188' title='bbox 399 2918 545 3002; x_wconf 89' lang='lat' dir='ltr'><strong>Dupliois</strong></span> <span class='ocrx_word' id='word_1_189' title='bbox 568 2919 788 3001; x_wconf 91' lang='lat' dir='ltr'><strong>antistrophae</strong></span> <span class='ocrx_word' id='word_1_190' title='bbox 806 2918 868 2983; x_wconf 91' lang='lat' dir='ltr'><strong>sub</strong></span> <span class='ocrx_word' id='word_1_191' title='bbox 889 2920 984 2983; x_wconf 88' lang='lat' dir='ltr'><strong>finem</strong></span> <span class='ocrx_word' id='word_1_192' title='bbox 1001 2918 1193 3006; x_wconf 83' lang='lat' dir='ltr'><strong>plerumque</strong></span> <span class='ocrx_word' id='word_1_193' title='bbox 1209 2943 1283 2989; x_wconf 75' lang='lat' dir='ltr'><strong>cun</strong></span> 
     </span>
     <span class='ocr_line' id='line_1_25' title="bbox 172 3022 1283 3110; baseline 0.005 -23"><span class='ocrx_word' id='word_1_194' title='bbox 172 3025 374 3107; x_wconf 81' lang='lat' dir='ltr'><strong>paragrapho</strong></span> <span class='ocrx_word' id='word_1_195' title='bbox 387 3022 541 3105; x_wconf 77' lang='lat' dir='ltr'><strong>adiectae,</strong></span> <span class='ocrx_word' id='word_1_196' title='bbox 564 3022 731 3086; x_wconf 89' lang='lat' dir='ltr'><strong>brevitatis</strong></span> <span class='ocrx_word' id='word_1_197' title='bbox 745 3043 860 3088; x_wconf 86' lang='lat' dir='ltr'><strong>caussa</strong></span> <span class='ocrx_word' id='word_1_198' title='bbox 883 3022 1006 3106; x_wconf 86' lang='lat' dir='ltr'><strong>absque</strong></span> <span class='ocrx_word' id='word_1_199' title='bbox 1017 3025 1160 3106; x_wconf 90' lang='lat' dir='ltr'><strong>ipsarum</strong></span> <span class='ocrx_word' id='word_1_200' title='bbox 1173 3026 1283 3110; x_wconf 90' lang='lat' dir='ltr'><strong>appel·</strong></span> 
     </span>
     <span class='ocr_line' id='line_1_26' title="bbox 170 3125 1281 3210; baseline 0.007 -22"><span class='ocrx_word' id='word_1_201' title='bbox 170 3125 289 3189; x_wconf 92' lang='lat' dir='ltr'><strong>latione</strong></span> <span class='ocrx_word' id='word_1_202' title='bbox 307 3128 454 3210; x_wconf 78' lang='lat' dir='ltr'><strong>propria,</strong></span> <span class='ocrx_word' id='word_1_203' title='bbox 471 3126 617 3210; x_wconf 91' lang='lat' dir='ltr'><strong>exempla</strong></span> <span class='ocrx_word' id='word_1_204' title='bbox 635 3127 841 3210; x_wconf 87' lang='lat' dir='ltr'><strong>suppeditant</strong></span> <span class='ocrx_word' id='word_1_205' title='bbox 857 3126 992 3190; x_wconf 91' lang='lat' dir='ltr'><strong>Philoot.</strong></span> <span class='ocrx_word' id='word_1_206' title='bbox 1012 3129 1085 3191; x_wconf 88' lang='grc'><strong>201.</strong></span> <span class='ocrx_word' id='word_1_207' title='bbox 1107 3129 1181 3193; x_wconf 88' lang='grc'><strong>391.</strong></span> <span class='ocrx_word' id='word_1_208' title='bbox 1206 3131 1281 3197; x_wconf 87' lang='grc'><strong>817.</strong></span> 
     </span>
     <span class='ocr_line' id='line_1_27' title="bbox 172 3228 1280 3317; baseline 0.007 -25"><span class='ocrx_word' id='word_1_209' title='bbox 172 3229 371 3293; x_wconf 79' lang='grc'><strong>10621128.</strong></span> <span class='ocrx_word' id='word_1_210' title='bbox 401 3228 518 3292; x_wconf 88' lang='lat' dir='ltr'><strong>Electr.</strong></span> <span class='ocrx_word' id='word_1_211' title='bbox 533 3232 604 3293; x_wconf 86' lang='grc'><strong>120.</strong></span> <span class='ocrx_word' id='word_1_212' title='bbox 622 3231 694 3293; x_wconf 86' lang='grc'><strong>231.</strong></span> <span class='ocrx_word' id='word_1_213' title='bbox 722 3230 804 3296; x_wconf 85' lang='grc'><strong>1236</strong></span> <span class='ocrx_word' id='word_1_214' title='bbox 818 3230 951 3310; x_wconf 87' lang='lat' dir='ltr'><strong>(caussa</strong></span> <span class='ocrx_word' id='word_1_215' title='bbox 969 3231 1075 3314; x_wconf 81' lang='lat' dir='ltr'><strong>allata,</strong></span> <span class='ocrx_word' id='word_1_216' title='bbox 1097 3229 1147 3297; x_wconf 81' lang='grc' dir='ltr'><strong>διὰ</strong></span> <span class='ocrx_word' id='word_1_217' title='bbox 1161 3232 1213 3317; x_wconf 76' lang='grc' dir='ltr'><strong>τὴν</strong></span> <span class='ocrx_word' id='word_1_218' title='bbox 1224 3229 1280 3300; x_wconf 57' lang='lat' dir='ltr'><strong>dus</strong></span> 
     </span>
     <span class='ocr_line' id='line_1_28' title="bbox 168 3329 1279 3417; baseline 0.007 -22"><span class='ocrx_word' id='word_1_219' title='bbox 168 3329 336 3413; x_wconf 84' lang='grc' dir='ltr'><strong>τστόδοσιν,</strong></span> <span class='ocrx_word' id='word_1_220' title='bbox 356 3341 392 3395; x_wconf 90' lang='lat' dir='ltr'><strong>ut</strong></span> <span class='ocrx_word' id='word_1_221' title='bbox 406 3351 505 3415; x_wconf 91' lang='lat' dir='ltr'><strong>saepe</strong></span> <span class='ocrx_word' id='word_1_222' title='bbox 516 3333 622 3408; x_wconf 89' lang='lat' dir='ltr'><strong>alias).</strong></span> <span class='ocrx_word' id='word_1_223' title='bbox 643 3334 735 3398; x_wconf 83' lang='lat'><strong>1403.</strong></span> <span class='ocrx_word' id='word_1_224' title='bbox 757 3334 849 3397; x_wconf 82' lang='lat'>1409.</span> <span class='ocrx_word' id='word_1_225' title='bbox 869 3335 978 3417; x_wconf 83' lang='lat' dir='ltr'><strong>Antig.</strong></span> <span class='ocrx_word' id='word_1_226' title='bbox 997 3336 1070 3397; x_wconf 91' lang='grc'><strong>100.</strong></span> <span class='ocrx_word' id='word_1_227' title='bbox 1089 3336 1163 3400; x_wconf 88' lang='grc'><strong>868.</strong></span> <span class='ocrx_word' id='word_1_228' title='bbox 1184 3337 1279 3403; x_wconf 83' lang='grc'><strong>1256.</strong></span> 
     </span>
    </p>
   </div>
   <div class='ocr_carea' id='block_1_4' title="bbox 35 3414 1277 3506">
    <p class='ocr_par' dir='ltr' id='par_1_5' title="bbox 35 3414 1277 3506">
     <span class='ocr_line' id='line_1_29' title="bbox 35 3414 1277 3506; baseline 0.007 -9"><span class='ocrx_word' id='word_1_229' title='bbox 35 3414 39 3433; x_wconf 83' lang='grc'><strong>’</strong></span> <span class='ocrx_word' id='word_1_230' title='bbox 170 3436 264 3500; x_wconf 79' lang='lat'><strong>1292.</strong></span> <span class='ocrx_word' id='word_1_231' title='bbox 285 3437 377 3500; x_wconf 77' lang='lat'><strong>1302.</strong></span> <span class='ocrx_word' id='word_1_232' title='bbox 403 3436 496 3499; x_wconf 77' lang='lat'><strong>1320.</strong></span> <span class='ocrx_word' id='word_1_233' title='bbox 526 3437 616 3500; x_wconf 69' lang='lat' dir='ltr'><strong>Arae.</strong></span> <span class='ocrx_word' id='word_1_234' title='bbox 635 3437 709 3501; x_wconf 84' lang='lat'><strong>339.</strong></span> <span class='ocrx_word' id='word_1_235' title='bbox 729 3438 802 3502; x_wconf 80' lang='lat'>355.</span> <span class='ocrx_word' id='word_1_236' title='bbox 824 3436 896 3500; x_wconf 78' lang='lat' dir='ltr'><strong>ass.</strong></span> <span class='ocrx_word' id='word_1_237' title='bbox 917 3437 992 3501; x_wconf 73' lang='lat' dir='ltr'><strong>toa.</strong></span> <span class='ocrx_word' id='word_1_238' title='bbox 1012 3437 1086 3501; x_wconf 79' lang='lat' dir='ltr'><strong>ero.</strong></span> <span class='ocrx_word' id='word_1_239' title='bbox 1106 3439 1181 3506; x_wconf 82' lang='lat' dir='ltr'><strong>sao.</strong></span> <span class='ocrx_word' id='word_1_240' title='bbox 1203 3440 1277 3505; x_wconf 74' lang='lat' dir='ltr'><strong>ata</strong></span> 
     </span>
    </p>
   </div>
   <div class='ocr_carea' id='block_1_5' title="bbox 166 3538 1278 3814">
    <p class='ocr_par' dir='ltr' id='par_1_6' title="bbox 166 3538 1278 3814">
     <span class='ocr_line' id='line_1_30' title="bbox 168 3538 1278 3625; baseline 0.005 -22"><span class='ocrx_word' id='word_1_241' title='bbox 168 3538 248 3605; x_wconf 90' lang='lat' dir='ltr'><strong>Oed.</strong></span> <span class='ocrx_word' id='word_1_242' title='bbox 265 3539 303 3604; x_wconf 88' lang='lat' dir='ltr'><strong>R.</strong></span> <span class='ocrx_word' id='word_1_243' title='bbox 323 3541 396 3604; x_wconf 91' lang='grc'><strong>644.</strong></span> <span class='ocrx_word' id='word_1_244' title='bbox 410 3539 484 3604; x_wconf 80' lang='grc'><strong>654.</strong></span> <span class='ocrx_word' id='word_1_245' title='bbox 503 3540 596 3604; x_wconf 91' lang='grc'><strong>1309.</strong></span> <span class='ocrx_word' id='word_1_246' title='bbox 619 3541 712 3604; x_wconf 89' lang='grc'><strong>1323.</strong></span> <span class='ocrx_word' id='word_1_247' title='bbox 733 3541 826 3604; x_wconf 86' lang='grc'><strong>1330.</strong></span> <span class='ocrx_word' id='word_1_248' title='bbox 847 3540 930 3604; x_wconf 90' lang='grc'><strong>1346</strong></span> <span class='ocrx_word' id='word_1_249' title='bbox 937 3562 949 3623; x_wconf 85' lang='lat'>3</span> <span class='ocrx_word' id='word_1_250' title='bbox 973 3561 1045 3605; x_wconf 91' lang='lat' dir='ltr'><strong>oum</strong></span> <span class='ocrx_word' id='word_1_251' title='bbox 1061 3543 1203 3625; x_wconf 91' lang='lat' dir='ltr'><strong>ipsarum</strong></span> <span class='ocrx_word' id='word_1_252' title='bbox 1221 3562 1278 3609; x_wconf 89' lang='lat' dir='ltr'><strong>no-</strong></span> 
     </span>
     <span class='ocr_line' id='line_1_31' title="bbox 166 3643 1276 3728; baseline 0.005 -21"><span class='ocrx_word' id='word_1_253' title='bbox 166 3645 316 3726; x_wconf 81' lang='lat' dir='ltr'><strong>minibus,</strong></span> <span class='ocrx_word' id='word_1_254' title='bbox 328 3651 382 3728; x_wconf 80' lang='grc' dir='ltr'><strong>τῆς</strong></span> <span class='ocrx_word' id='word_1_255' title='bbox 393 3644 457 3708; x_wconf 80' lang='grc' dir='ltr'><strong>ἔσω</strong></span> <span class='ocrx_word' id='word_1_256' title='bbox 474 3653 506 3707; x_wconf 92' lang='lat' dir='ltr'><strong>et</strong></span> <span class='ocrx_word' id='word_1_257' title='bbox 523 3650 577 3728; x_wconf 78' lang='grc' dir='ltr'><strong>τῆς</strong></span> <span class='ocrx_word' id='word_1_258' title='bbox 590 3643 652 3715; x_wconf 73' lang='grc' dir='ltr'><strong>ἔξω</strong></span> <span class='ocrx_word' id='word_1_259' title='bbox 662 3643 836 3724; x_wconf 84' lang='grc' dir='ltr'><strong>νενευκυίας,</strong></span> <span class='ocrx_word' id='word_1_260' title='bbox 859 3643 968 3728; x_wconf 84' lang='lat' dir='ltr'><strong>Antig.</strong></span> <span class='ocrx_word' id='word_1_261' title='bbox 985 3645 1056 3709; x_wconf 90' lang='grc'><strong>134.</strong></span> <span class='ocrx_word' id='word_1_262' title='bbox 1072 3644 1190 3712; x_wconf 83' lang='lat' dir='ltr'><strong>Electr.</strong></span> <span class='ocrx_word' id='word_1_263' title='bbox 1204 3647 1276 3713; x_wconf 88' lang='grc'><strong>188.</strong></span> 
     </span>
     <span class='ocr_line' id='line_1_32' title="bbox 168 3746 1104 3814; baseline 0.004 -4"><span class='ocrx_word' id='word_1_264' title='bbox 168 3746 366 3814; x_wconf 83' lang='grc'><strong>12291242.</strong></span> <span class='ocrx_word' id='word_1_265' title='bbox 381 3749 474 3813; x_wconf 86' lang='grc'><strong>1279.</strong></span> <span class='ocrx_word' id='word_1_266' title='bbox 498 3748 657 3812; x_wconf 87' lang='lat' dir='ltr'><strong>Asterisoi</strong></span> <span class='ocrx_word' id='word_1_267' title='bbox 671 3749 863 3811; x_wconf 90' lang='lat' dir='ltr'><strong>mentionem</strong></span> <span class='ocrx_word' id='word_1_268' title='bbox 876 3749 985 3812; x_wconf 91' lang='lat' dir='ltr'><strong>inveni</strong></span> <span class='ocrx_word' id='word_1_269' title='bbox 996 3769 1104 3814; x_wconf 88' lang='lat' dir='ltr'><strong>unam.</strong></span> 
     </span>
    </p>
   </div>
   <div class='ocr_carea' id='block_1_6' title="bbox 318 3900 1118 4098">
    <p class='ocr_par' dir='ltr' id='par_1_7' title="bbox 318 3900 1118 4098">
     <span class='ocr_line' id='line_1_33' title="bbox 665 3900 773 3983; baseline 0.037 -21"><span class='ocrx_word' id='word_1_270' title='bbox 665 3900 692 3983; x_wconf 78' lang='lat'><strong>§.</strong></span> <span class='ocrx_word' id='word_1_271' title='bbox 721 3901 773 3965; x_wconf 91' lang='grc'><strong>28.</strong></span> 
     </span>
     <span class='ocr_line' id='line_1_34' title="bbox 318 4024 1118 4098; baseline 0.004 -11"><span class='ocrx_word' id='word_1_272' title='bbox 318 4030 370 4086; x_wconf 84' lang='grc' dir='ltr'><strong>οο</strong></span> <span class='ocrx_word' id='word_1_273' title='bbox 392 4024 593 4098; x_wconf 79' lang='lat' dir='ltr'><strong>Euripidis</strong></span> <span class='ocrx_word' id='word_1_274' title='bbox 615 4024 756 4083; x_wconf 82' lang='lat' dir='ltr'><strong>tabulis</strong></span> <span class='ocrx_word' id='word_1_275' title='bbox 778 4026 938 4087; x_wconf 84' lang='lat' dir='ltr'><strong>metrice</strong></span> <span class='ocrx_word' id='word_1_276' title='bbox 965 4029 1118 4092; x_wconf 80' lang='lat' dir='ltr'><strong>notatis.</strong></span> 
     </span>
    </p>
   </div>
   <div class='ocr_carea' id='block_1_7' title="bbox 163 4158 1274 4352">
    <p class='ocr_par' dir='ltr' id='par_1_8' title="bbox 163 4158 1274 4352">
     <span class='ocr_line' id='line_1_35' title="bbox 242 4158 1274 4246; baseline 0.005 -19"><span class='ocrx_word' id='word_1_277' title='bbox 242 4161 280 4227; x_wconf 72' lang='lat' dir='ltr'><strong>&#39;A</strong></span> <span class='ocrx_word' id='word_1_278' title='bbox 301 4159 464 4246; x_wconf 88' lang='lat' dir='ltr'><strong>Sophocle</strong></span> <span class='ocrx_word' id='word_1_279' title='bbox 486 4169 617 4223; x_wconf 87' lang='lat' dir='ltr'><strong>transeo</strong></span> <span class='ocrx_word' id='word_1_280' title='bbox 640 4159 682 4224; x_wconf 92' lang='lat' dir='ltr'><strong>ad</strong></span> <span class='ocrx_word' id='word_1_281' title='bbox 702 4158 905 4244; x_wconf 86' lang='lat' dir='ltr'><strong>Euripidem,</strong></span> <span class='ocrx_word' id='word_1_282' title='bbox 929 4164 1021 4228; x_wconf 89' lang='lat' dir='ltr'><strong>ouius</strong></span> <span class='ocrx_word' id='word_1_283' title='bbox 1043 4161 1170 4230; x_wconf 85' lang='lat' dir='ltr'><strong>fabulas</strong></span> <span class='ocrx_word' id='word_1_284' title='bbox 1192 4167 1274 4231; x_wconf 88' lang='lat' dir='ltr'><strong>anti·</strong></span> 
     </span>
     <span class='ocr_line' id='line_1_36' title="bbox 163 4261 1272 4352; baseline 0.007 -23"><span class='ocrx_word' id='word_1_285' title='bbox 163 4264 271 4352; x_wconf 86' lang='lat' dir='ltr'><strong>quitus</strong></span> <span class='ocrx_word' id='word_1_286' title='bbox 294 4264 409 4331; x_wconf 88' lang='lat' dir='ltr'><strong>codem</strong></span> <span class='ocrx_word' id='word_1_287' title='bbox 430 4261 527 4328; x_wconf 91' lang='lat' dir='ltr'><strong>modo</strong></span> <span class='ocrx_word' id='word_1_288' title='bbox 549 4264 693 4350; x_wconf 80' lang='lat' dir='ltr'><strong>signatas</strong></span> <span class='ocrx_word' id='word_1_289' title='bbox 713 4284 791 4330; x_wconf 79' lang='lat' dir='ltr'><strong>esse</strong></span> <span class='ocrx_word' id='word_1_290' title='bbox 810 4261 943 4331; x_wconf 82' lang='lat' dir='ltr'><strong>Scholia</strong></span> <span class='ocrx_word' id='word_1_291' title='bbox 958 4276 1135 4335; x_wconf 78' lang='lat' dir='ltr'><strong>testantur:</strong></span> <span class='ocrx_word' id='word_1_292' title='bbox 1156 4268 1188 4335; x_wconf 79' lang='lat' dir='ltr'><strong>ai</strong></span> <span class='ocrx_word' id='word_1_293' title='bbox 1204 4287 1272 4337; x_wconf 80' lang='lat' dir='ltr'><strong>non</strong></span> 
     </span>
    </p>
   </div>
   <div class='ocr_carea' id='block_1_8' title="bbox 0 0 1456 4822">
    <p class='ocr_par' dir='ltr' id='par_1_9' title="bbox 0 0 1456 4822">
     <span class='ocr_line' id='line_1_37' title="bbox 0 0 1456 4822; baseline 0 13"><span class='ocrx_word' id='word_1_294' title='bbox 0 0 1456 4822; x_wconf 95' lang='lat' dir='ltr'><strong> </strong></span> 
     </span>
    </p>
   </div>
  </div>
 </body>
</html>
