2902 4822
690 396 741 470 38

123 665 129 676 Χ
163 585 290 647 fuerint.
322 584 438 670 Neque
451 586 598 669 improbo
618 587 705 670 quod
719 585 881 672 Bergkius
899 587 1024 651 censuit
1043 607 1076 669 p.
1089 585 1162 669 112,
1186 585 1276 651 libel·

163 684 231 749 lum
252 689 358 769 ipsum
382 687 574 771 Parisinum,
608 690 649 754 de
672 709 737 774 quo
759 688 842 753 infra
863 690 979 753 iterum
1002 689 1173 759 dicendum
1203 692 1275 778 erit,

164 789 296 853 saeculo
320 793 415 856 tertio
437 794 650 876 antiquiorem
680 796 756 852 esse
783 809 848 854 non
870 793 988 856 videri:
1022 794 1073 857 cui
1095 795 1276 871 sententiae

163 893 262 975 lavet,
286 895 373 977 quod
395 895 571 959 lemniscus
593 896 656 957 iam
680 902 885 977 memoratur,
909 915 974 979 quo
996 906 1070 960 aute
1101 896 1275 983 Origeuem

165 997 347 1078 quempiam
363 1017 459 1061 usum
477 1017 551 1060 esse
570 998 765 1082 ignoramus.

664 1139 689 1210 ς.
726 1134 777 1195 12.

481 1259 533 1314 lte
556 1257 700 1314 Isidoro
724 1256 954 1327 Hispalensi.

252 1373 378 1455 Agmen
403 1372 522 1436 claudit
544 1373 699 1456 Isidorus,
724 1375 779 1458 qui
797 1373 965 1457 Originum
984 1372 1055 1435 libri
1074 1373 1089 1435 l
1105 1375 1275 1458 capite20,

167 1475 207 1538 de
227 1476 565 1558 uotisrcriptnrnrnm
585 1475 615 1560 ¹]
639 1477 805 1559 inscripto,
831 1486 1055 1560 argumentum
1071 1476 1277 1558 peculiariter

165 1579 332 1641 tractavit:
368 1577 409 1640 de
443 1598 507 1662 quo
542 1599 640 1662 quum
669 1580 730 1641 iam
761 1579 928 1660 superiore
960 1586 987 1650 §-
1018 1580 1200 1660 expositum
1223 1580 1276 1663 sit,

132 1716 135 1720 -
166 1676 245 1741 nihil
273 1690 424 1760 superest
457 1678 575 1742 addere
598 1682 659 1745 nisi
689 1681 778 1765 quod
806 1700 904 1764 quum
938 1680 1049 1744 ultimo
1078 1681 1152 1744 loco
1175 1701 1211 1743 ea
1236 1679 1277 1745 de

167 1801 203 1844 re
223 1779 322 1843 verba
341 1781 464 1864 iecerit,
484 1783 513 1844 ei
531 1803 594 1846 una
607 1782 880 1866 comprehendere
894 1785 1031 1865 licuerit,
1045 1802 1127 1866 quae
1141 1782 1181 1846 ab
1198 1783 1278 1847 anti·

168 1884 240 1966 quis
260 1883 334 1946 inde
354 1885 554 1967 temporibus
574 1906 635 1950 usu
651 1897 781 1968 recepta
796 1887 958 1969 variisque
983 1896 1128 1949 veterum
1147 1885 1278 1968 scriptis

125 1984 128 2006 '
167 1985 307 2049 adbibita
326 1996 445 2051 111111.
475 1987 510 2049 11
526 2008 590 2071 quo
605 1999 711 2051 tamen
734 1987 844 2050 labore
867 1990 911 2051 ita
933 1998 1083 2051 versatus
1103 1996 1164 2070 est,
1187 1997 1224 2050 ut
1235 1987 1277 2052 ab
1326 1991 1328 1996 '

167 2086 386 2151 Romanorum
421 2091 604 2154 criticorum
638 2091 871 2154 consuetudine
909 2088 1098 2154 illustranda
1140 2109 1277 2172 prorsus

167 2190 368 2272 abstinuerit,
404 2194 527 2256 ratione
561 2192 761 2256 Graecorum
789 2194 992 2276 antiquorum
1022 2203 1054 2256 et
1081 2192 1278 2258 ecclesiasti·

168 2313 281 2357 corum
307 2295 500 2377 scriptorum
535 2298 629 2359 unice
661 2295 784 2358 habita:
817 2297 909 2359 cuius
943 2296 1127 2360 omissionis
1161 2315 1278 2360 caussa

168 2400 223 2462 vix
255 2400 374 2480 poterit
404 2418 475 2461 cum
511 2397 654 2483 Bergkio
688 2418 719 2480 p.
745 2398 805 2459 112
835 2398 896 2460 alia
927 2397 1061 2461 indicari
1091 2418 1188 2482 quam
1221 2396 1277 2461 lsi·

169 2500 240 2564 dori
262 2511 368 2563 aetate
391 2520 429 2562 ea
452 2500 545 2584 signa
566 2499 652 2563 haud
675 2500 810 2582 amplius
832 2501 865 2562 11
896 2499 1046 2564 notandis
1069 2500 1199 2581 scriptis
1222 2497 1278 2561 ad·

167 2601 267 2664 hibita
289 2602 401 2683 fuisse,
423 2601 455 2663 id
480 2601 566 2684 qnod
589 2622 703 2664 revera
725 2601 845 2665 sactum
868 2600 1042 2665 ostendunt
1065 2600 1195 2665 codices
1217 2598 1278 2664 La·

169 2705 227 2766 1111
249 2705 334 2767 11111
357 2703 411 2765 1111
435 2713 580 2787 tempora
602 2705 730 2787 scripti,
752 2704 784 2766 in
808 2705 926 2787 quibus
949 2705 1085 2787 vestigia
1117 2704 1187 2768 eius
1210 2721 1279 2767 mo·

167 2808 214 2870 ris
237 2805 368 2869 notandi
390 2806 509 2869 frustra
534 2808 751 2892 quaesiveris:
788 2817 820 2869 et
854 2808 883 2871 si
915 2827 978 2891 qua
1000 2807 1204 2889 reperiuntur
1225 2802 1280 2885 vel
1316 2845 1322 2851 -

169 2928 188 2971 a
210 2906 404 2974 Scholiastis
427 2909 613 2993 afferuntur,
637 2909 725 2994 quod
747 2912 779 2973 in
801 2910 932 2973 Lucano
955 2909 1075 2973 sactum
1099 2929 1175 2973 esse
1196 2907 1280 2971 inira

170 3013 339 3077 ostendam
373 3012 400 3094 ξ.
432 3013 492 3095 77,
538 3033 576 3076 11
609 3032 745 3077 1111111
779 3023 829 3075 111
860 3020 1037 3076 statuamus
1073 3033 1115 3076 ex
1149 3011 1278 3094 antiqua

169 3115 275 3199 aliqua
310 3117 495 3179 criticorum
529 3115 734 3180 adnotatione
766 3114 879 3179 relicta
911 3125 944 3178 et
978 3116 1022 3179 ita
1052 3115 1093 3179 ad
1115 3113 1280 3197 posterius

170 3237 285 3282 aevum
307 3218 460 3282 translata
484 3239 569 3284 esse.

627 3380 628 3383 =
671 3339 699 3421 ἓ.
732 3339 783 3404 13.

555 3465 606 3520 De
628 3466 659 3520 S.
681 3461 897 3534 Epiphanio.

257 3573 300 3642 S.'
313 3576 536 3661 Epiphaninm,
560 3579 615 3663 qui
637 3578 746 3642 libello
770 3578 810 3640 de
843 3577 1001 3640 mensuris
1029 3585 1061 3639 11
1083 3572 1282 3657 ponderibus

171 3694 264 3747 notas
287 3683 416 3745 criticas
439 3683 558 3768 attigit,
591 3683 623 3744 in
647 3682 706 3744 bac
741 3681 935 3763 scriptorum
965 3699 1103 3742 censura
1132 3675 1283 3741 consulto

174 3788 457 3808 affl

221 3849 247 3912 1)
265 3843 416 3898 Memorato
434 3843 544 3908 dignum
562 3838 685 3903 videtur,
704 3835 776 3906 quod
793 3838 819 3887 in
835 3842 929 3888 vetere
944 3835 991 3888 illo
1007 3834 1112 3900 codice,
1131 3833 1283 3904 quostiam

274 3918 374 3984 lsidori
393 3935 474 4000 caput
489 3929 625 3994 integrum
645 3923 679 3976 de
697 3923 767 3974 notis
786 3927 883 3985 exstat,
901 3937 955 3974 nna
973 3937 988 3972 a
1003 3918 1181 3976 Mommsenio
1206 3918 1284 3971 illinc

274 4016 471 4086 transcriptum
494 4019 522 4065 et
547 4028 563 4064 a
593 4008 715 4078 Berglrio
741 4007 851 4072 editum,
882 4014 990 4062 tenetur
1015 4009 1227 4069 sententiarum,
1255 4011 1285 4057 11

274 4109 338 4155 aute
357 4100 518 4154 Arevalium
534 4096 714 4165 vulgabatur:
741 4095 792 4150 sed
810 4101 952 4150 contextus
969 4095 1049 4149 initio
1067 4093 1151 4159 idem,
1174 4098 1205 4147 ut
1220 4090 1285 4146 vul·

274 4195 374 4258 gaium,
391 4185 606 4256 scripturarum.
