2902 4822
663 427 760 507 ”129
806 437 809 439 ’

163 625 356 692 lectionibus
379 623 579 708 Zenodotiis,
609 633 738 709 praeter
760 624 1029 689 consuetudinem
1051 622 1205 707 adhibito,
1229 622 1276 687 di-

163 743 256 808 cetur
277 730 323 795 ad'
340 738 368 807 ς.
386 742 461 817 seq.

660 926 688 994 5.
719 920 771 984 35.

394 1081 444 1137 lie
472 1077 570 1151 diple
599 1083 788 1152 punctata
816 1078 1045 1140 Aristarchi.

248 1249 453 1341 Aneedotum
464 1245 575 1310 Rom:
597 1252 706 1331 χρῆται
723 1239 926 1331 Ἀρίσταρχος
947 1245 1027 1330 πρὸς
1041 1245 1204 1330 Ζηνόδοτον
1225 1246 1276 1314 τόν

164 1349 339 1436 ὄιορόωτίγν.
372 1349 515 1415 Isidorus
539 1347 626 1432 Orig.
652 1347 677 1430 l,
701 1349 754 1430 20,
771 1349 830 1413 15:
858 1349 977 1432 „Diple
992 1346 1221 1433 περιεστιγμένη,
1243 1349 1277 1413 id

163 1464 214 1518 est
237 1473 309 1517 cum
334 1452 469 1539 geminis
492 1451 632 1534 punctis.
676 1450 768 1516 llanc
789 1453 911 1536 antiqui
933 1454 965 1515 in
992 1453 1034 1516 'iis
1057 1452 1273 1535 apponebant,

164 1557 448 1642 quanenodotus
466 1552 629 1638 Ephesius
652 1575 716 1619 non
739 1568 828 1620 recte
852 1557 1025 1639 adiecerat,
1048 1566 1104 1619 aut
1127 1555 1275 1620 detraxe·

162 1660 247 1724 rat.“
291 1658 437 1741 Exempli
459 1657 534 1721 loeo
557 1668 628 1721 esto
659 1659 746 1725 lliad
770 1685 799 1742 σ,
822 1663 904 1725 239:
937 1661 957 1747 ἠ
991 1661 1079 1745 διπλῆ
1110 1682 1276 1744 περιεστιγ-

163 1758 245 1846 μένη,
277 1757 321 1826 ότι
352 1757 517 1844 Ζηνόδοτος
546 1755 655 1843 γράφει
687 1759 818 1844 ,ἐνθάδε
852 1763 964 1849 [immo
994 1764 1068 1829 ἔνθα
1090 1762 1140 1848 δέ]
1172 1770 1276 1848 κοῦροι
1303 1800 1308 1810 -

153 1861 267 1928 όλοντο
290 1859 428 1928 δυώδεκα
454 1858 560 1935 πάντες
582 1861 695 1947 ἄριστοι
716 1861 797 1930 οἷσιν
813 1863 843 1930 ἐν
865 1863 1014 1947 βελέεσσιν
1024 1866 1052 1901 ·“
1075 1861 1131 1928 εἰσὶ
1153 1858 1187 1927 δέ
1209 1861 1277 1927 οὔτε

162 1973 201 2050 τη·
222 1962 355 2030 συνθέσει
374 1960 544 2049 Ὁμηρικοί,
574 1963 642 2029 οὔτε
662 1964 697 2029 τὸ
728 1961 824 2046 ,οἷσιν
853 1961 1025 2046 βελέεσσιν“
1054 1964 1144 2046 ὑγιῶς
1166 1962 1290 2048 εἴρηται

162 2077 223 2144 τοῖς
245 2069 377 2135 ἑαυτῶν·
398 2068 461 2132 ἔδει
481 2066 539 2153 γὰρ
560 2078 621 2143 τοῖς
643 2066 793 2153 ἀλλήλων.
837 2069 932 2133 Adde
955 2092 983 2151 γ,
1011 2070 1088 2133 2733
1121 2066 1218 2153 ἀρνῶν
1241 2066 1276 2132 ἐκ

163 2167 333 2256 κεφαλέων]
355 2170 378 2258 ἡ
401 2173 488 2257 διπλῆ
511 2168 738 2256 περιεστιγμένη,
762 2169 806 2237 ότι
827 2171 993 2257 Ζηνόδοτος
1011 2169 1120 2258 γράφει
1141 2167 1276 2256 ,ἀρνέων

164 2272 199 2339 ἐκ
220 2271 390 2358 κεφαλέων
415 2272 496 2359 ,ἀπὸ
520 2275 554 2340 δὲ
575 2285 634 2341 τῶν
657 2275 733 2341 κατὰ
754 2279 805 2362 την
830 2273 923 2362 όρόην
946 2275 1095 2361 ληγόντων
1123 2274 1164 2352 εἰς
1186 2278 1217 2349 ἔξ
1240 2272 1275 2339 οὔ

162 2383 286 2467 γίνονται
305 2388 433 2447 τοιαῦται
455 2378 620 2465 διαιρέσεις,
652 2375 717 2446 ἀλλ’
741 2378 802 2446 ἀπὸ
825 2391 884 2447 τῶν
916 2379 957 2456 εἰς
978 2380 1028 2448 ei·
1060 2379 1086 2447 εἰ
1114 2379 1148 2444 δὲ
1179 2379 1275 2464 ἄρνες,

164 2483 279 2572 ἀρνῶν·
318 2481 379 2550 ἀπὸ
418 2484 453 2550 δὲ
484 2493 537 2550 τοῦ
575 2481 704 2568 κεφαλαὶ
744 2482 822 2550 κατὰ
860 2483 948 2569 λόγον
981 2483 1149 2570 κεφαλέων.
1203 2484 1278 2548 Alia

164 2591 312 2676 exempla
335 2591 479 2655 eiusdem
502 2591 575 2654 libri
597 2610 647 2656 vs.
669 2591 744 2654 279.
767 2592 841 2654 280.
864 2592 894 2673 β,
918 2591 990 2654 658.
1015 2612 1045 2673 μ,
1069 2590 1142 2653 346.
1165 2611 1198 2670 π,
1222 2589 1274 2670 98,

132 2689 137 2696 ’
164 2705 197 2758 et
219 2696 301 2773 locis
331 2696 494 2759 sexcentis
517 2693 599 2778 aliis,
628 2713 746 2780 magna
768 2715 809 2758 ex
831 2708 924 2777 parte
958 2695 1077 2757 notatis
1101 2714 1120 2757 a
1143 2692 1276 2756 Siehen·

163 2795 276 2862 lrecsio
309 2818 341 2882 p.
374 2799 426 2863 80.
448 2818 516 2882 sq.,
550 2808 617 2861 turn
645 2797 678 2858 in
700 2795 841 2861 Scholiis
873 2796 953 2879 ipsis
976 2805 1043 2858 turn
1065 2797 1098 2857 in
1121 2804 1276 2858 contextu

164 2895 282 2983 iliadis,
316 2899 432 2984 quihus
463 2899 653 2977 examinatis
676 2909 708 2961 et
735 2899 818 2960 inter
840 2917 878 2961 se
908 2896 1032 2960 collatis
1055 2895 1140 2959 haud
1162 2914 1276 2979 parum

163 3004 350 3088 proficimus
371 3005 404 3067 in
426 3002 651 3089 pernoscenda
674 3002 750 3066 crisi
772 3001 954 3083 Homerica,
979 2999 1065 3085 quod
1093 2999 1179 3064 malo
1202 3018 1276 3063 cum
1375 3063 1378 3068 ,

164 3103 348 3192 Pluygersii
376 3107 486 3170 verbis
509 3104 559 3170 De
581 3104 740 3169 Zenodoti
774 3125 872 3168 carm.
904 3103 997 3167 llom.
1020 3102 1161 3166 editione
1190 3101 1275 3186 ph

164 3208 342 3291 explicare:
374 3208 433 3293 „ln
462 3221 608 3274 veterum
642 3210 740 3293 igitur
762 3208 949 3273 criticorum
971 3204 1165 3270 lectionibus
1186 3204 1277 3269 inda·

150 3313 279 3398 gaudis
316 3318 380 3381 hoc
409 3326 460 3380 est
491 3317 674 3401 tenendum,
710 3337 769 3380 eos
800 3336 927 3399 versuS,
959 3316 1075 3399 quihus
1096 3317 1196 3380 διπλαῖ
1217 3335 1276 3378 ιιι-
1381 3348 1388 3353 ·

163 3412 352 3502 ριιστιγρέναι
385 3420 533 3502 appictae
562 3420 637 3501 sint,
672 3418 764 3483 aliter
795 3418 917 3503 legisse
939 3417 1154 3502 Zenodotum,
1183 3417 1276 3481 aliter

162 3520 397 3586 Aristarchum.
442 3521 583 3609 Egregie
616 3525 725 3609 itaque
755 3523 875 3587 faciunt
905 3521 947 3584 ad
975 3521 1133 3586 Zenodoti
1156 3541 1273 3586 nomen

162 3623 398 3691 restituendum
424 3626 457 3688 in
489 3627 529 3690 iis
546 3624 692 3691 Scholiis
714 3646 756 3691 ex
784 3626 962 3690 Aristonici
992 3625 1083 3688 libris
1117 3623 1272 3707 oriundis,

163 3725 196 3789 in
218 3727 347 3810 quihus,
378 3729 508 3793 omissis
531 3730 778 3813 epitomatorem
800 3729 953 3795 socordia
980 3727 1172 3811 nominihus,
1195 3726 1275 3813 legi·

163 3849 236 3894 mus
257 3825 336 3904 τινοίς
359 3831 488 3896 diverse
508 3832 550 3897 ab
571 3834 762 3899 Aristarcho
785 3854 915 3898 versum
938 3832 1076 3915 aliquem
1098 3829 1275 3896 edidisse.“

150 3932 286 4000 ‘Confer
308 3936 402 3999 etiam
426 3957 509 4020 quae
521 3938 608 4002 idem
629 3961 660 4022 p.
673 3940 704 4002 8.
722 3939 752 4002 9.
776 3937 1003 4022 congessitad
1028 3937 1125 4000 crisin
1143 3934 1275 4000 Homeri

164 4039 357 4121 pertinentia
385 4039 565 4105 Zenodotia
587 4042 751 4126 exempla,
785 4053 819 4107 et
844 4042 990 4105 Diintzer
1011 4041 1134 4105 Zenod.
1167 4062 1197 4124 p.
1220 4042 1273 4105 79.

164 4151 230 4205 not.
245 4141 297 4205 45.
330 4141 505 4208 Praeterea
518 4145 705 4229 notandum,
729 4147 849 4210 tamin
862 4143 1002 4209 Scholiis
1025 4145 1176 4229 quamin
1198 4163 1276 4208 con·

164 4251 255 4310 textu
284 4245 536 4314 sivesocordia
564 4247 779 4331 librariorum,
800 4248 882 4314 sive
904 4257 1057 4333 quantum
1084 4246 1214 4329 quidem
1235 4244 1277 4309 ad
