2902 4822
763 438 840 523 rso

740 637 768 719 p.
798 639 850 703 40.

330 796 382 851 De
414 793 607 866 signorum
639 807 710 847 usu
740 787 960 846 criticorum
984 791 1269 849 Homerioornm

534 892 763 953 Aristarcho
793 890 1054 965 posteriorum

328 1055 485 1139 Exposita
508 1055 571 1116 iam
594 1062 746 1135 quantum
768 1070 829 1134 per
855 1051 939 1115 hanc
967 1053 1225 1117 testimoniorum
1248 1064 1353 1117 certo·

241 1179 313 1224 rum
341 1157 508 1243 penuriam
540 1154 609 1219 fieri
641 1155 747 1239 potuit
777 1152 941 1238 doctrina,
976 1176 1041 1241 qua
1072 1155 1283 1221 Aristarcbns
1321 1157 1353 1220 in

242 1263 390 1328 notandis
426 1258 623 1325 carminibus
656 1256 837 1321 Homericis
875 1278 955 1323 usus
989 1260 1047 1340 sit,
1088 1278 1189 1343 quum
1230 1259 1353 1327 similos

241 1385 337 1431 ouras
370 1362 507 1428 eundem
541 1364 637 1426 etiarn
674 1358 745 1426 aliis
778 1361 982 1445 antiquorum
1014 1372 1182 1446 poetarum
1221 1364 1353 1447 scriptis

239 1466 426 1533 adhibuisse
449 1476 587 1548 constet,
611 1465 837 1547 disputationis
860 1464 1152 1548 ordopostularet,
1176 1475 1212 1528 ut
1235 1466 1279 1530 de
1303 1462 1353 1533 his

241 1592 326 1636 nunc
348 1570 456 1634 statim
479 1568 714 1632 subicerentur
736 1588 819 1651 quae
841 1569 881 1632 ad
904 1580 1049 1633 nostram
1071 1568 1216 1632 notitiam
1238 1586 1353 1652 perro·

239 1683 365 1739 nerunt.
422 1670 489 1735 Sed
522 1681 590 1734 turn
622 1683 756 1754 propter
796 1673 974 1757 argumenti
1008 1671 1251 1756 cognationem,
1284 1684 1353 1739 tum

240 1775 329 1861 quod
360 1776 422 1840 ista
455 1775 526 1838 sine
559 1775 607 1838 rei
642 1773 832 1837 detrimento
868 1775 1004 1838 seorsim
1038 1774 1169 1838 tractari
1200 1786 1353 1860 possunt,

239 1878 337 1944 malui
368 1878 522 1941 continuo
556 1876 753 1962 subiungere
785 1896 929 1961 eaquae
962 1877 1003 1941 ad
1026 1897 1121 1941 usum
1143 1879 1353 1962 signorum

239 1964 359 2048 criticis
372 1980 563 2046 Aristarcho
585 1980 821 2063 posterioribus
844 1982 876 2044 in
900 1981 1041 2046 notando
1056 1977 1197 2045 Homero
1220 1992 1354 2067 coopta-

237 2096 305 2150 tum
326 2085 523 2168 pertineant:
547 2103 631 2167 quae
654 2082 783 2166 quidem
805 2105 997 2169 quamquam
1019 2104 1062 2148 ex
1084 2085 1266 2152 Aristarchi
1288 2086 1353 2153 dis·

238 2187 356 2271 ciplina
378 2187 534 2271 profecta,
557 2186 599 2250 ab
611 2185 809 2252 Aristarchia
826 2186 938 2272 regula
958 2206 1120 2269 suspensa
1138 2199 1215 2254 sunt
1232 2192 1352 2275 omnin,

238 2300 346 2355 tamen
372 2289 413 2354 ah
443 2309 482 2353 ea
512 2300 578 2353 tum
601 2288 803 2374 singulorum
831 2288 1032 2375 quorundam
1054 2292 1221 2376 signorum
1241 2302 1353 2377 potem·

236 2403 314 2478 tate,
344 2394 530 2458 tumeliam
559 2413 694 2457 numero
725 2393 868 2458 nonnihil
889 2394 1083 2476 discrepant.
1124 2389 1162 2456 ln
1189 2413 1257 2480 quo
1278 2394 1354 2461 loco

237 2496 429 2580 explicando
461 2496 599 2559 eundem
622 2495 777 2578 ordinem,
814 2516 879 2581 quo
901 2493 1101 2560 Aristarchia
1129 2496 1222 2580 signa
1244 2498 1353 2582 perlu-

238 2599 424 2681 stravimus,
455 2600 596 2681 sequuti,
620 2618 703 2681 quae
726 2598 874 2662 addenda
896 2608 981 2680 sunt,
1004 2617 1043 2662 ea
1066 2599 1230 2664 corollarii
1250 2600 1354 2667 instar

238 2700 379 2767 adiicere
401 2700 592 2783 videbimur,
615 2721 676 2784 pro
699 2701 906 2765 laudamento
925 2701 1125 2786 adhibentes,
1149 2704 1352 2788 quavooo·

239 2805 306 2871 doti
334 2803 426 2868 Rom.
459 2822 529 2887 cap.
560 2802 574 2865 l
605 2813 639 2868 et
668 2801 794 2869 Veneto
820 2806 1001 2888 perscripta
1031 2804 1191 2890 leguntur»
1234 2802 1271 2871 ln
1298 2808 1351 2875 bis

238 2928 337 2994 quum
359 2927 456 2990 supra
479 2907 734 2992 ostenderimus,
768 2908 1001 2973 Aristarchiam
1032 2908 1163 2973 notandi
1191 2910 1350 2981 rationem

237 3030 350 3095 puram
375 3010 624 3096 haudquaquam
654 3011 812 3094 enarrari,
847 3030 1010 3096 quumque
1043 3030 1114 3076 erm
1144 3012 1178 3076 in
1205 3010 1350 3081 Homero

237 3124 327 3178 certe
356 3111 497 3177 notando
520 3113 720 3197 temporibus
753 3124 828 3178 ante
860 3115 1081 3180 Aristonicum
1110 3113 1350 3203 Didymommro

237 3224 390 3280 mutatam
413 3235 489 3280 esse
511 3217 567 3279 vix
595 3215 750 3281 credibile
774 3219 832 3300 sit,
868 3218 1106 3282 consectarium
1135 3217 1283 3303 videtur,
1314 3218 1350 3287 id

237 3318 325 3404 quod
345 3319 417 3402 ipsa
438 3336 492 3383 res
515 3319 641 3403 suadet,
664 3320 773 3384 utilia
795 3322 960 3385 notatione
981 3321 1136 3386 contineri
1154 3342 1225 3387 earn
1238 3324 1349 3410 signo·

236 3442 310 3486 rum
332 3421 511 3486 doctrinam
532 3420 693 3499 dicamus,
727 3442 823 3509 quam
855 3425 896 3488 ab
928 3425 1104 3490 Aristonici
1134 3424 1211 3489 inde
1241 3437 1349 3493 notato

235 3525 339 3590 critici
361 3523 526 3590 Homerici
561 3529 677 3593 sectati
705 3529 779 3592 sint.
824 3529 876 3592 Ao
900 3527 1028 3591 tametsi
1057 3527 1279 3594 Aristonicum
1299 3532 1349 3615 ip·

235 3646 319 3712 sum,
353 3637 389 3693 ut
422 3629 478 3713 qui
512 3631 545 3692 in
567 3629 768 3695 Aristarchia
798 3631 1000 3714 potissimum
1028 3629 1161 3696 Homeri
1189 3632 1349 3700 diorthosi

233 3732 406 3796 referenda
438 3730 692 3819 illustrandaque
728 3744 907 3818 occupatus
944 3744 1048 3818 esset,
1082 3736 1115 3800 in
1147 3735 1212 3802 hoc
1245 3754 1348 3821 opero

234 3836 365 3920 signum
387 3833 518 3920 aliquod
541 3856 661 3901 novum
682 3836 868 3902 adhibuisse
891 3837 1104 3904 demonstrari
1126 3849 1278 3923 nequeat,
1298 3848 1347 3904 ta·
1382 3888 1385 3894 .

234 3956 309 4001 rnen
331 3937 361 4001 is
383 3936 426 4002 nd
450 3941 653 4023 propositum
676 3942 839 4025 pertinere
860 3950 966 4022 ratus,
996 3952 1031 4006 ut
1053 3941 1182 4027 siquid
1209 3940 1252 4007 ab
1273 3941 1347 4007 Ari·

232 4039 355 4106 starchi
387 4040 534 4107 doctrina
567 4043 755 4127 discrepare
787 4044 1099 4128 deprehenderetur,
1141 4044 1175 4110 id
1206 4043 1346 4111 subinde

234 4144 327 4226 operi
344 4162 407 4208 suo
427 4144 636 4232 adiiceretur,
660 4146 741 4212 haec
759 4146 973 4213 additamenta
988 4148 1073 4233 dipla
1087 4167 1168 4233 pure
1181 4149 1345 4234 sosonpn

234 4257 348 4314 notare
370 4247 432 4314 sihi
461 4251 608 4334 sumpsit.
652 4249 756 4316 Huius
785 4250 950 4336 exemplar
973 4253 1114 4319 imitatos
1143 4253 1345 4340 posteriores
