2902 4822
732 428 813 504 rffi:
898 370 960 513 ί,

216 645 313 689 terrm
333 621 363 687 ἐν
384 626 422 712 τῇ
443 619 545 707 πρώτη
568 617 710 708 ῥαψωδίρ
733 621 782 687 ἐπὶ
801 618 850 685 τὸν
873 617 950 703 πρὸς
974 613 1121 703 Ἀχιλλέα
1149 617 1208 685 ὑπὸ
1226 613 1328 703 Ἀγα-

217 722 358 810 μέμνονος
389 724 486 809 λόγον.
535 722 586 788 Ex
619 727 682 790 hoc
714 729 811 812 igitur
843 723 917 787 loco
952 724 1160 788 Aristarchus
1193 742 1328 789 versum

217 829 305 893 illum
327 830 409 893 male
440 830 629 894 translatum
656 831 819 911 iudicavit,
850 825 1057 890 Homericum
1090 827 1231 912 quidem,
1266 826 1329 890 sed
1376 816 1384 827 ”

219 952 281 994 uon
294 951 354 997 suo
368 933 442 997 loeo
455 936 605 1016 positum.
639 934 729 1015 Quae
758 952 855 1016 quum
878 930 942 995 iarn
956 929 1101 1016 Heyuius
1120 931 1200 995 Obs.
1222 927 1261 992 Τ.
1273 927 1328 993 lV.

217 1056 247 1118 p.
269 1036 321 1099 66.
344 1038 576 1119 perspexisset,
611 1047 699 1100 recte
723 1036 859 1117 censuit,
891 1035 1014 1118 primae
1037 1033 1229 1118 rhapsodias
1252 1033 1328 1097 loco

219 1139 346 1202 obelum
379 1159 453 1203 oum
483 1139 641 1202 asterisco
673 1140 789 1221 apponi
824 1138 995 1219 debuisse,
1026 1138 1115 1221 quod
1143 1155 1230 1200 nunc
1259 1145 1328 1203 tum

218 1245 457 1325 apospasmatio
480 1243 618 1324 Veneto,
651 1253 717 1305 tum
739 1240 906 1305 Diomedis
936 1243 968 1303 in
996 1241 1187 1326 Dionysium
1211 1238 1328 1303 Thrac.

218 1345 341 1409 scholio
363 1347 397 1409 in
419 1344 589 1410 Villoisoni
612 1345 735 1409 Ancod.
760 1344 815 1408 Gr.
839 1343 874 1407 Τ.
897 1343 933 1406 ll.
957 1366 988 1427 p.
1013 1346 1075 1408 173
1097 1345 1228 1429 egregie
1250 1361 1330 1408 eou-

219 1449 375 1512 firmatum
400 1460 467 1532 est,
504 1449 557 1512 ubi
581 1460 901 1514 commemoraturs.
935 1449 997 1512 176
1019 1449 1248 1512 subiiciuntur:
1278 1443 1329 1510 τδν

219 1551 289 1635 ἑξῆς
319 1553 364 1616 δεῖ
396 1547 535 1632 ἀβελίζειν
565 1554 676 1626 ἐξωδεν
711 1549 916 1638 ἀποστερίσκιμ
953 1547 1178 1634 σημειώσασθαι
1215 1549 1330 1633 (paulo

219 1655 396 1718 correctius
427 1655 498 1718 cod.
528 1655 627 1720 Maro.
661 1657 726 1719 489
754 1657 799 1719 δεῖ
826 1648 885 1737 μετ’
915 1653 1090 1738 ἀστερίσκου
1120 1654 1235 1728 ἔξωθεν
1268 1675 1329 1736 οη-

219 1753 428 1841 μειώσασδαι),
454 1756 497 1831 ὡς
520 1756 644 1824 ἐνταῦθα
666 1759 716 1843 μὲν
740 1756 796 1823 οὒκ
818 1754 921 1842 ὀρθῶς
949 1756 1114 1842 ἐγκειμένου
1129 1759 1193 1822 4τοῦ
1215 1758 1330 1840 στίχοι,

220 1855 356 1943 ἀλλαχοῦ
378 1859 411 1924 δὲ
429 1858 618 1944 ἐπιτηδείως·
640 1861 695 1927 οἰικ
718 1861 753 1927 ἂν
773 1860 830 1946 γάρ
853 1861 941 1927 αὐτὸν
960 1856 1153 1947 Ἀγαμέμνων
1175 1858 1225 1925 διὰ
1244 1861 1331 1926 rouro

168 2030 170 2035 ¹
220 1958 415 2044 ἐβδελύττετο,
447 1963 490 2038 ὡς
520 1958 657 2048 φιλοῦντα
689 1965 759 2041 τοὺς
780 1963 940 2049 πολέμους·
962 1967 990 2031 τί
1021 1965 1077 2050 γὰρ
1100 1965 1202 2030 τούτου
1225 1962 1330 2048 ἐπιτη-
1370 1988 1384 2053 ἱ·

221 2063 365 2149 δειότερον
387 2069 472 2152 ἔργον
495 2071 539 2147 τῷ
561 2073 721 2154 στρατηγῷ,
744 2068 764 2154 ἢ
786 2067 924 2153 πόλεμος.
959 2069 1049 2132 Haeo
1076 2070 1245 2152 utriusque
1266 2067 1331 2132 looi

219 2165 382 2233 Homerici
405 2173 526 2235 notatio
549 2173 747 2239 Aristarchia
770 2185 835 2236 tarn
862 2178 959 2237 certis
990 2171 1237 2239 auctoritatibus
1260 2170 1331 2234 niti·

220 2282 283 2353 tur,
307 2283 342 2335 ut
364 2294 463 2357 quum
485 2275 517 2335 iu
540 2288 693 2341 contextu
723 2276 848 2341 Veneto
871 2277 979 2340 versui
1010 2275 1109 2359 priori
1132 2273 1222 2338 solus
1245 2282 1339 2339 aste·-

218 2374 325 2439 riscus
347 2378 516 2460 appositus
538 2382 727 2464 reperiatur,
756 2382 789 2444 id
819 2380 985 2446 sorordiae
1017 2377 1137 2441 librarii
1161 2377 1332 2441 manifeste

219 2477 423 2543 tribuendum
453 2483 506 2564 sit,
542 2484 628 2567 quod
657 2503 743 2547 nuuc
775 2483 870 2547 video
904 2485 1000 2547 etiam
1029 2481 1257 2567 Pluygersium
1278 2470 1332 2545 De

221 2579 270 2645 ed.
293 2601 390 2645 earm.
412 2582 506 2648 Hom.
530 2597 562 2650 et
582 2585 691 2650 Schol.
714 2609 744 2670 p.
769 2588 798 2650 6.
821 2589 982 2651 statuisse.

127 2683 129 2688 ⁴
306 2683 406 2748 Aliud
427 2689 589 2769 persimile
612 2691 793 2773 exemplum
817 2690 936 2776 Odyss.
959 2711 989 2770 α,
1011 2690 1077 2753 99:

377 2783 470 2859 εἵλετο
494 2786 519 2855 δ
543 2793 664 2878 ἄλκιμον
686 2794 792 2877 ἔγχος,
815 2790 981 2878 ἀκαχμένον
1004 2788 1068 2865 teet·
1090 2793 1210 2876 χαλκῷ,

375 2895 472 2977 βριδί,
493 2893 577 2980 μέγα,
601 2897 810 2982 στιβαρόν,τῷ
832 2894 957 2981 δάμνησι
980 2898 1083 2979 στίχας
1105 2892 1222 2980 ἀνδρῶν

374 2994 494 3083 ἡρώων,
516 3002 606 3066 τοῖσίν
627 3025 659 3066 τε
680 3000 852 3067 κατέσσεται
870 2995 1105 3086 Ὀβριμοποίτρη
1160 3073 1165 3080 ,

223 3108 278 3173 uhi
301 3102 410 3168 Schol.
429 3096 617 3170 Ἀδετοῦνται
638 3105 712 3191 μετὰ
734 3105 929 3190 ἀστερίσκων,
952 3101 996 3170 ὅτι
1016 3103 1045 3169 ἐν
1067 3129 1101 3190 τη
1132 3110 1186 3188 τῆς
1203 3094 1334 3179 Ἰλιάδος

223 3211 333 3281 καλῶς.
377 3204 508 3270 Scilicet
530 3211 652 3291 primus
675 3232 790 3275 versus
814 3219 919 3272 exstat
949 3232 978 3291 κ,
1004 3211 1075 3292 135,
1106 3208 1170 3271 duo
1193 3206 1333 3287 alteria,

224 3313 297 3376 746.
332 3309 466 3374 Praeter
487 3314 663 3378 asteriscos
686 3317 784 3399 igitur
808 3314 858 3378 his
881 3312 1051 3398 Odysseae
1073 3311 1223 3381 versibus
1247 3309 1335 3374 obeli

225 3415 341 3483 adiecti
373 3422 480 3477 eraut:
516 3415 579 3480 illis
610 3439 652 3482 ex
684 3417 782 3481 lliade
811 3416 930 3500 singuli
958 3418 1106 3482 asterisci
1135 3414 1218 3498 puri.
1262 3409 1335 3477 Ηοο

225 3519 321 3586 ιοοδο
343 3515 466 3583 scilicet
487 3517 697 3588 Aristarchus
720 3531 914 3584 retractasse
946 3531 977 3583 et
1000 3520 1184 3584 correxisse
1206 3516 1336 3581 videtur

225 3624 343 3710 prioris
366 3620 533 3689 cuiusdam
564 3628 683 3709 critici,
719 3624 877 3688 Zenodoti
910 3635 986 3708 puta
1022 3624 1076 3687 vel
1097 3619 1335 3705 Aristophanis,

226 3727 426 3806 seutentiam,
460 3742 562 3798 totum
584 3730 690 3794 locum
721 3729 795 3792 inde
828 3749 917 3792 avs.
941 3729 982 3790 97
1013 3729 1045 3790 in
1067 3726 1186 3808 spuriis
1215 3724 1336 3809 quippe

226 3831 406 3916 referentis,
430 3846 513 3900 teste
536 3833 660 3897 scholio
683 3834 733 3896 his
756 3832 905 3895 versibus
920 3831 1084 3914 adscripti,
1107 3827 1225 3890 iuood.
1239 3824 1337 3890 Haur-
1446 3910 1449 3915 ,

227 3938 382 4021 burgensi
405 3959 455 4023 ap.
478 3937 655 4002 Prellerum
678 3934 699 3998 l.
723 3958 753 4019 p.
780 3936 838 3998 11:
870 3923 1168 4019 apostataverat*
1192 3931 1257 3995 ἔνια
1276 3938 1337 3994 τῶν

228 4037 412 4128 ἀντιγράφων
441 4042 469 4108 οἱ
498 4040 606 4124 στίχοι·
638 4037 715 4104 κατὰ
742 4038 775 4104 δέ
800 4040 852 4124 την
880 4035 1124 4120 Μασσαλιωτικὴν
1160 4028 1223 4098 οὔδ’
1250 4030 1337 4119 ἦσαν,

229 4145 344 4231 quibus
366 4167 449 4232 quae
473 4144 686 4211 subiiciuntur
707 4165 746 4209 ea
768 4144 810 4207 ad
833 4140 1052 4207 infirmandam
1065 4159 1216 4205 versuum
1227 4148 1339 4202 aucto·

228 4250 355 4314 ritatem
377 4257 598 4336 apponuntur:
621 4244 672 4314 troi
692 4256 755 4324 ταῖς
777 4245 930 4334 ἀληθείαις
958 4247 1069 4333 μᾶλλον
1091 4238 1247 4328 appiaco
1269 4231 1337 4308 καθ’
