2902 4822
777 429 804 501 4

232 618 367 702 >244
397 619 429 682 δὲ
452 616 624 702 ἀστερίσκος
655 615 728 702 μετὰ
752 613 869 698 ὀβελοῦ,
901 613 944 688 ὡς
973 613 1042 679 ’όντα
1063 611 1115 696 μὲν
1142 610 1180 677 τὰ
1208 613 1268 696 ἔπη
1290 618 1342 676 τοῦ

1228 713 1238 738 5
1278 711 1288 736 2

299 730 436 806 ποιητοῦ,
470 721 509 804 μὴ
542 722 645 794 καλῶς
679 721 713 784 δὲ
735 720 853 804 κείμενα
882 715 912 782 έν
935 713 1018 801 αὐτῷ
1038 724 1082 800 τῷ
1104 713 1200 802 τόπιρ,
1224 718 1282 780 οιλλ
1313 712 1342 778 έν

299 827 393 909 ἀλλῳ.

246 947 270 1012 0
302 926 335 989 τὸ
360 925 393 989 δὲ
417 921 565 1006 ἀντίσιγμα
587 917 654 989 καθ’
678 921 777 1005 ἑαυτό,
800 922 876 1008 πρὸς
897 923 966 997 τοὺς
988 920 1219 1008 ένηλλαγμένους
1235 919 1344 995 τόπους

298 1025 349 1091 καὶ
373 1021 549 1112 ἀπᾴδοντας.

248 1134 280 1194 θ·
302 1129 336 1193 τὸ
355 1128 388 1192 δὲ
411 1125 559 1210 ἀντίσιγμα
581 1125 809 1212 περιεστιγμένον
830 1130 1030 1212 παρατίθεται,
1053 1125 1121 1192 όταν
1142 1129 1305 1212 ταυτολογῇ
1316 1129 1345 1202 ⁴)

300 1230 350 1296 καὶ
371 1231 421 1315 τὴν
444 1228 532 1313 αότίην
556 1227 681 1294 διάνοιαν
705 1231 839 1315 δεύτερον
861 1229 941 1317 λέγη.

242 1355 273 1410 τ
301 1335 334 1400 τὸ
354 1334 387 1398 δὲ
405 1334 572 1418 κεραύνιον·
597 1330 657 1397 ἐστὶ
678 1332 729 1417 μέν
751 1343 809 1399 τῶν
833 1335 965 1409 σπανίως
986 1331 1236 1419 παρατιθεμένων,
1260 1335 1347 1415 δηλοῖ

302 1435 408 1503 δὲκαὶ
430 1434 502 1501 αότδ
525 1433 640 1509 πολλάς
662 1436 797 1520 ζητήσεις
818 1437 895 1522 πρὸς
916 1446 979 1511 ταῖς
1001 1433 1233 1521 προειρημέναις.

323 1541 441 1604 Τούτων
476 1533 500 1603 δ’
527 1537 664 1620 ἁπάντων
695 1548 754 1604 τῶν
777 1542 906 1625 σημείων
927 1537 1120 1624 ἀκριβέστερα
1133 1542 1170 1620 5)]
1189 1548 1295 1621 γνῶσις
1317 1539 1347 1604 ἐν

237 1651 297 1716 τοῖς
309 1641 341 1725 ⁰)
366 1641 486 1721 βιβλίοις
507 1650 565 1704 τῶν
589 1639 837 1725 συγγραψαμένων
868 1640 936 1726 περὶ
956 1642 1088 1706 τούτων’
1124 1637 1174 1704 καὶ
1196 1638 1236 1715 εἷς
1259 1639 1346 1724 ὠρέ-

239 1750 316 1810 λειαν
330 1750 356 1822 ⁷)
381 1742 508 1827 ἐπιζήτει
530 1742 611 1828 παρά
633 1752 691 1808 τῶν
714 1754 858 1827 τεχνιτῶν.

777 1900 817 1972 ΙΙ.

248 2050 281 2101 >=
311 2043 346 2121 τῇ
369 2038 457 2118 διπλῇ
479 2042 586 2118 χρῆται
605 2029 805 2123 Ἀρίσταρχος
827 2033 903 2119 πρὸς
924 2033 1063 2117 ἱστορίαν,
1086 2034 1308 2118 σχηματισμοὺς
1321 2037 1348 2117 ⁸)

304 2137 354 2202 καὶ
376 2134 478 2220 ἑτέρας
500 2136 635 2210 ποικίλας
657 2134 777 2221 χρείας·
836 2196 838 2202 .

248 2240 281 2324 ›]·
312 2248 349 2325 τῇ
368 2239 400 2303 δὲ
423 2236 638 2324 περιεστιγμένη
662 2238 739 2324 πρὸς
757 2236 918 2322 Ζηνόδοτον
940 2236 990 2301 τόν
1013 2238 1194 2322 διορθωτὴν·
1232 2265 1234 2268 ⁴

239 2385 290 2401 ..
311 2349 354 2426 τῷ
378 2340 412 2404 δὲ
436 2337 535 2426 ὀβελῷ
554 2340 630 2424 πρὸς
653 2338 807 2425 ἀθέτησιν·

242 2447 346 2527 >ζ<-
368 2442 535 2527 ἀστερίσκῳ
564 2442 597 2506 δὲ
622 2442 673 2506 σὺν
696 2439 797 2528 ὀβελῷ
818 2443 895 2527 πρὸς
917 2444 951 2508 τὸ
975 2441 1049 2510 εἶναι
1069 2445 1120 2530 μὲν
1142 2447 1211 2520 τοὺς
1234 2447 1352 2529 στίχους

303 2544 450 2631 Ὀμήρου,
474 2549 590 2608 κεῖσθαι
613 2544 647 2608 δὲ
669 2543 698 2608 ἐν
723 2545 807 2631 ἄλλω
829 2545 914 2632 τόπιρ
937 2550 1058 2621 καλῶς·
1081 2546 1128 2623 οἷς
1147 2558 1198 2614 καῖ
1211 2548 1352 2634 ἀστερίσ-

305 2672 359 2722 κος
381 2644 469 2732 μόνος
492 2643 678 2729 παράκειται·
704 2650 741 2727 ⁰)-

258 2751 346 2838 310)
369 2757 412 2835 τῷ
436 2748 469 2812 δὲ
491 2746 639 2832 ἀντίσιγμα
661 2746 711 2814 καὶ
732 2757 769 2836 τῇ
791 2759 903 2837 στιγμῇ,
926 2749 994 2818 ὅταν
1018 2753 1072 2818 δόο
1096 2751 1153 2820 ὦσι
1174 2752 1297 2819 διοίνοιοιι
1318 2755 1353 2818 τὸ

307 2852 379 2918 αότὸ
403 2852 602 2935 σημαινοόσαι,
635 2860 686 2917 τοῦ
716 2863 839 2936 ποιητοῦ
864 2855 1048 2941 γεγραφότος
1070 2855 1249 2943 ἀμφοτέρας,
1271 2855 1354 2931 ὅπως

305 2959 355 3041 τὴν
379 2953 478 3040 ἑτέραν
503 2955 617 3039 ἕληται·
652 2964 698 3042 τῷ
725 2955 759 3021 δὲ
781 2958 884 3046 χρόνῳ
906 2959 1009 3028 καλαί
1031 2963 1084 3026 δύο
1112 2959 1275 3046 εὑρέθησαν
1299 2959 1355 3026 οόκ

309 3060 413 3144 ὀρθῶς
434 3061 566 3142 ἔχουσαι.

244 3168 284 3245 >”<
309 3170 353 3248 τῷ
376 3161 410 3225 δὲ
433 3159 601 3246 ἀστερίσκιρ
624 3160 706 3248 μόνῳ
729 3170 836 3247 χρῆται
858 3163 935 3247 πρὸς
956 3164 1025 3238 τοὺς
1048 3163 1154 3238 αότοὺς
1176 3164 1304 3246 στίχους,
1328 3160 1359 3227 οἳ

310 3273 416 3329 κεῖνται
439 3261 467 3326 ἐν
491 3263 592 3335 ἀλλοις
621 3259 737 3347 μέρεσιν
767 3271 820 3349 τῆς
842 3267 1002 3349 ποιήσεως,
1033 3264 1083 3330 καὶ
1113 3262 1216 3348 ὀρθῶς
1237 3265 1357 3348 ἔχοντες

310 3366 456 3452 φέρονται,
480 3367 628 3450 σημαίνων
651 3364 694 3430 ότι
716 3363 794 3432 οὗτοι
815 3360 866 3433 οιαὶ
887 3366 1022 3454 ἀλλαχοῦ
1045 3368 1180 3454 εἴρηνται

297 3567 326 3630 4)
345 3563 411 3615 eod.
428 3560 577 3634 ταυτολογιῖ.

297 3681 324 3745 ὁ)
345 3679 413 3734 eod.
430 3677 539 3751 ἀκριβεστ
554 3712 562 3729 .
578 3719 583 3731 .
601 3719 607 3733 .
624 3718 630 3730 .
1082 3749 1097 3762 ι

299 3797 329 3860 θ)
347 3791 474 3847 schedae
494 3808 572 3846 meae
590 3790 721 3846 exhibent
736 3801 798 3859 τοῖς,
817 3801 846 3848 ut
863 3792 982 3849 sortasse
1000 3795 1089 3863 βίβλοις
1113 3798 1243 3869 scriptum
1269 3799 1359 3854 suerit.

299 3911 328 3973 7)
349 3905 414 3959 cod.
433 3904 571 3975 είσοιφιλαν.
669 3906 676 3925 ¹

303 4022 332 4084 8)
353 4018 421 4072 Cod.
440 4013 616 4089 σχιμοτισμούς,
635 4019 666 4066 ut
684 4031 747 4068 mox
764 3994 847 4071 νεῖσθαι
865 4035 913 4089 pro
931 4019 1033 4076 κεῖσθαι

301 4134 329 4202 θ)
348 4133 391 4187 De
410 4145 493 4186 sensu
511 4127 658 4182 verborum
679 4137 860 4186 extremorum
878 4150 905 4190 ν.
924 4135 949 4202 5.
970 4138 1009 4187 19.
1112 4205 1113 4208 ¹

287 4248 330 4316 10)
350 4246 417 4300 Cod.
440 4247 467 4301 θ.
487 4242 521 4296 V.
540 4248 566 4310 5.
586 4245 629 4299 39.
