2902 4822
699 453 751 527 47

166 643 331 727 brosiano,
355 645 442 728 quod
463 644 569 708 Maius
593 645 748 727 excussit,
772 665 869 728 quum
892 647 1008 709 merito
1030 645 1196 730 signorum
1218 647 1280 710 cri.
1340 687 1344 691 -

165 749 302 810 ticorum
320 747 471 831 reliquias
492 758 638 812 servatas
659 757 905 830 exspectasses,
929 768 967 813 ea
987 768 1154 813 anrevera
1171 750 1280 814 locum

164 849 351 933 habuerint,
384 851 480 914 hodie
514 851 709 915 »obscurum
731 870 807 915 esse
839 859 915 933 post
948 869 1076 915 omnem
1103 854 1280 937 marginem

164 951 365 1037 pagellarum
395 954 588 1037 abscissum,
622 955 654 1015 in
678 973 743 1038 quo
774 954 875 1017 moris
905 963 975 1016 erat
1004 953 1085 1019 haec
1107 957 1201 1039 signa
1223 976 1280 1020 no-

165 1065 265 1139 tare,«
290 1067 328 1120 ut
349 1057 393 1121 ait
414 1056 520 1120 Maius
544 1078 575 1140 p.
598 1057 663 1119 682
685 1056 804 1119 Buttm.

251 1158 297 1222 At
309 1179 375 1222 non
392 1159 674 1242 praetermittenda
689 1169 764 1223 sunt
783 1160 940 1243 quaedam
957 1161 1148 1245 signationis
1161 1161 1280 1226 Home·

165 1260 253 1324 ricae
275 1263 424 1347 vestigia,
449 1282 490 1325 ex
520 1262 754 1326 vetustioribus
776 1262 878 1344 libris,
913 1272 948 1325 ut
971 1265 1097 1346 opinor,
1121 1265 1281 1329 arcessita
1365 1318 1366 1321 ,

165 1371 200 1427 et
221 1363 352 1428 arbitrio
385 1367 487 1448 magis
522 1387 621 1449 quum
651 1376 740 1429 certo
773 1365 951 1429 consilioa
984 1365 1123 1430 librariis
1155 1367 1196 1430 ad
1218 1387 1280 1432 nos

165 1469 366 1532 transmissa.
410 1466 532 1551 Sparsa
566 1470 651 1532 enim
673 1471 803 1554 antiqua
825 1469 918 1552 signa
949 1470 1001 1532 hic
1024 1469 1089 1533 illic
1113 1469 1280 1536 codicibus

166 1570 290 1653 aliquot
311 1569 492 1636 Homericis
516 1572 700 1654 adhaerent,
724 1591 863 1656 quorum
885 1572 917 1632 in
934 1591 1069 1635 numero
1090 1571 1280 1638 reserandus

167 1670 429 1739 Vindobonensis
449 1675 631 1759 Odysseam
654 1678 838 1757 continens,
863 1683 992 1738 notatus
1022 1675 1084 1738 133
1107 1686 1139 1739 et
1160 1676 1201 1739 ab
1223 1675 1281 1739 Al·

165 1786 236 1840 tero
258 1778 396 1859 primum
419 1800 594 1862 excussus,
630 1780 684 1862 qui
707 1779 874 1864 Odysseae
897 1778 937 1840 ab
968 1798 1005 1842 se
1028 1779 1133 1842 editae
1160 1800 1192 1862 p.
1216 1780 1282 1843 370

166 1877 332 1943 adnotavit
352 1905 378 1964 τ,
401 1883 510 1944 4-12
531 1883 696 1945 asteriscis
729 1884 825 1945 minio
857 1882 988 1963 scriptis
1025 1883 1170 1966 signatos
1192 1902 1279 1965 esse,

165 1983 228 2045 hac
250 1992 326 2047 nota
354 1985 386 2046 in
417 1987 561 2070 margine
588 1985 630 2049 ad
653 2005 700 2048 vs.
723 1985 745 2046 4
775 1984 917 2047 adiecta:
949 1981 1117 2064 ἀναγκαίως
1139 1983 1168 2048 οἱ
1190 1981 1280 2048 ἀστε-

166 2083 265 2167 ρίσκοι
287 2082 422 2167 ἐνταῦθα,
452 2084 501 2150 ὅτε
523 2085 642 2170 ἑώρακε
677 2084 714 2150 τὰ
736 2084 824 2151 ὅπλα.
869 2085 969 2150 Cuius
1001 2106 1160 2150 censurae
1198 2087 1280 2149 ratio

167 2198 200 2249 et
222 2197 368 2253 vetustas
391 2198 517 2253 constat
540 2211 581 2254 ex
603 2189 742 2254 Scholiis
764 2191 904 2275 vulgatis
931 2193 1011 2255 haec
1034 2188 1279 2252 exhibentibus:

162 2284 352 2372 Ἀναχκαίως
380 2291 407 2356 οἱ
440 2289 617 2376 ἆστερίσκοι,
654 2290 696 2356 ὅτι
726 2291 833 2358 ἐνθάδε
867 2296 979 2373 καλῶς,
1011 2290 1059 2356 ὅτε
1092 2288 1212 2374 ἑώρακε
1243 2288 1280 2355 τὰ

170 2389 258 2456 ὅπλα.
301 2392 433 2459 Scilicet
468 2397 557 2480 quod
592 2396 675 2459 bene
703 2398 756 2461 hic
789 2397 909 2459 habere
941 2396 1206 2459 existimabantur
1226 2395 1281 2458 isti

168 2515 296 2578 versus,
320 2500 467 2563 asterisci
489 2499 629 2583 appositi
651 2508 736 2580 sunt,
758 2499 995 2582 respondentes
1018 2500 1137 2582 quippe
1157 2496 1279 2579 alteris,

167 2600 223 2680 qui
245 2620 308 2662 una
332 2621 406 2664 cum
428 2602 532 2666 obelis
555 2604 674 2685 appicti
697 2613 788 2664 erant
809 2625 841 2682 τ,
864 2602 938 2683 282,
967 2601 1024 2664 ubi
1054 2596 1280 2682 improbaban-

166 2712 219 2763 tur
240 2722 258 2764 a
282 2704 401 2767 criticis
425 2706 576 2789 antiquis,
612 2704 706 2785 duce,
742 2715 778 2767 ut
811 2724 853 2767 ex
875 2705 1021 2769 eiusdem
1044 2703 1116 2768 cod.
1139 2700 1279 2767 Vindob.

166 2803 291 2867 scholio
313 2806 354 2868 ad
376 2826 425 2870 vs.
448 2808 510 2870 281
534 2808 728 2890 perspicitur
751 2808 796 2886 (ν.
816 2807 963 2887 Buttm.),
986 2806 1165 2869 Zenodot0.
1199 2804 1280 2868 Rem

165 2905 293 2989 planam
316 2908 392 2972 facit
413 2910 612 2991 Eustathius,
637 2911 691 2992 qui
713 2911 850 2973 vetustis
873 2912 943 2974 sine
966 2909 1064 2972 dubio
1091 2909 1279 2971 auctoribus

166 3029 258 3092 usuS,
282 3012 442 3096 simulque
465 3023 636 3097 utrumque
658 3013 766 3076 locum
787 3015 851 3075 isto
874 3012 983 3094 modu,
1007 3031 1103 3095 quem
1120 3010 1205 3091 dixi,
1232 3010 1280 3072 in·

165 3111 213 3175 fra
238 3121 265 3186 s.
288 3115 331 3177 38
352 3115 499 3197 pluribus
523 3116 769 3198 explanandum,
792 3117 962 3199 'signatum
992 3134 1067 3178 esse
1090 3113 1278 3195 ostendens,

165 3216 207 3278 ad
229 3220 444 3298 posteriorem
466 3219 572 3282 locum
592 3219 771 3282 adnotavit:
786 3216 886 3282 Ἔνθα
908 3218 959 3281 καί
982 3217 1100 3299 στίχους
1113 3210 1280 3289 Ὀδυσσεὺς

134 3315 274 3401 ,αὐτοὺς
305 3317 434 3394 ἐκείνους
465 3319 705 3405 ἀπαραλλάκτως
726 3318 815 3402 λέχει,
838 3320 890 3396 οὓς
911 3319 961 3385 καὶ
983 3318 1013 3384 ἐν
1036 3327 1072 3405 τῇ
1092 3319 1115 3384 a}
1138 3315 1281 3405 ῥαψῳδία
1346 3325 1351 3335 ’

167 3417 236 3504 περὶ
257 3428 316 3486 τῶν
341 3419 442 3489 ὅπλων
464 3433 509 3510 τῷ
531 3422 702 3510 Τηλεμάχῳ
725 3425 796 3506 ἔφη,
819 3421 983 3509 ἀρξάμενος
1005 3422 1104 3487 οὕτω·

323 3526 497 3612 Τηλέμαχε,
521 3528 581 3611 χρὴ
604 3522 698 3610 τεύχε’
719 3522 830 3610 Ἀρήϊα
851 3514 994 3609 κατθέμεν
1017 3524 1089 3588 εἷ’σιυ

322 3628 415 3696 πάντα
438 3625 522 3714 μάλ’·
544 3627 638 3714 αὐτὰρ
661 3637 829 3714 μνηστῆρας
850 3633 994 3712 μαλακοῖς
1016 3622 1137 3690 ἐπέεσσί

321 3732 553 3818 παρφάσασθαι,

165 3834 217 3902 καὶ
239 3838 310 3923 ἑξῆς
330 3839 400 3911 τοὺς
422 3833 500 3900 ὀκτὼ
524 3836 644 3919 στίχους
667 3834 795 3911 ἐκείνους
816 3835 877 3907 ἕως
897 3837 950 3896 τοῦ
972 3829 1084 3912 ,αὐτὸς
1105 3830 1161 3916 γὰρ
1185 3829 1200 3894 ἐ
1224 3829 1278 3897 έλ-

165 3961 249 4004 κεται
271 3940 365 4026 ἄνδρα
387 3938 541 4023 stupori<
574 3940 649 4002 ἔνθα
671 3938 721 4004 καὶ
743 3948 835 4003 κεῖται
857 3934 917 4019 πρὸ
941 3933 1008 4008 ἑνὸς
1031 3932 1157 4000 ἑκάστου
1176 3936 1279 4017 στίχου
1369 3951 1376 3957 “

165 4038 343 4125 ἀστερίσκος
367 4045 438 4124 δίχα
463 4038 581 4121 ὂβελοῦ,
605 4040 648 4113 ὡς
671 4037 794 4103 ἐνταῦθα
815 4047 873 4101 τῶν
894 4036 1030 4102 τοιούτων
1049 4039 1157 4120 στίχων
1175 4037 1280 4120 ’άριστα

165 4143 319 4227 κειμένων,
350 4142 400 4210 καὶ
430 4142 491 4208 οἷον
523 4141 646 4226 ἀστέρος
675 4141 758 4223 δίκην
788 4138 975 4223 λαμπόντων,
998 4138 1032 4204 οὒ
1063 4143 1118 4224 μὴν
1141 4138 1211 4219 ἐκεῖ,
1236 4138 1279 4212 ὡς

168 4243 361 4328 ἐπικρίνουσιν
392 4248 419 4311 οἱ
440 4248 568 4310 παλαιοί.
613 4245 699 4306 ldern
727 4243 765 4304 ad
796 4265 828 4321 π,
857 4245 940 4308 296:
971 4239 1079 4307 Ἰστὲον
1108 4242 1141 4306 δὲ
1163 4241 1213 4306 καὶ
1235 4239 1279 4305 ὅτι
