2902 4822
692 432 745 508 96

163 628 225 693 sub
248 629 344 692 finem
375 637 497 691 tantum
520 624 750 691 collocatarum
780 627 862 688 ratio
896 635 928 688 et
960 620 1072 712 origo.
1106 624 1169 690 Cui
1201 644 1275 691 000·
1356 622 1358 627 ’

163 735 282 796 tentiae
316 732 491 795 firmandae
514 731 650 795 inservit
684 730 772 813 qnod
795 731 941 815 quamvis
974 750 1059 812 raro,
1092 730 1276 795 tamen'bie

163 835 228 899 11110
251 834 391 898 Scholiis
414 835 589 898 adhaerent
611 834 778 896 manifeste
801 834 939 918 vestigia
969 833 1213 898 adnotationum
1234 852 1276 898 ex

164 939 302 1023 antiquis
325 937 562 1021 exemplaribus
586 947 618 1000 et
641 938 878 1000 commentariis
900 937 1129 1019 sublectarum,
1163 936 1275 1021 veluti,

164 1054 199 1107 ut
221 1042 473 1125 Aristophanem
496 1040 575 1125 Byz.
598 1061 684 1104 nunc
714 1041 846 1123 mittam,
870 1040 1063 1123 Apollodori
1092 1040 1274 1125 Tarsensis,

164 1146 363 1210 Parmenisei
398 1155 429 1208 01
451 1144 591 1228 Didymi,
626 1163 762 1229 quorum
786 1145 826 1208 de
849 1145 1070 1209 controversis
1104 1147 1276 1210 sententiis

165 1241 309 1334 insignes
343 1249 406 1312 1001
439 1258 567 1310 exstant
600 1246 686 1310 Med.
712 1248 783 1310 171.
808 1249 880 1310 276.
926 1247 998 1312 Α110
1023 1251 1147 1313 0010000
1178 1248 1276 1313 aDi·

166 1353 263 1436 dymo
287 1353 481 1416 exercitatae
515 1352 661 1434 exempla
696 1350 847 1434 leguntur·
877 1349 964 1416 Med.
998 1353 1070 1416 260.
1115 1351 1275 1416 Androm.

165 1457 240 1538 867,
265 1455 383 1539 quibus
417 1454 575 1519 accedunt
607 1457 639 1517 in
662 1453 801 1519 Scholiis
836 1454 1002 1519 aCobeto
1025 1456 1167 1541 vulgetis
1195 1453 1275 1519 Heo.

166 1561 231 1623 030
253 1569 285 1622 01
308 1558 462 1622 Androm.
486 1559 560 1623 329.
593 1559 687 1621 1054.
731 1556 836 1622 Unum
858 1559 966 1623 locum
994 1560 1088 1624 valde
1117 1577 1276 1624 momora-

167 1663 281 1745 bilem,
317 1662 496 1725 eruditione
532 1661 628 1726 simul
660 1661 878 1726 reconditione
911 1666 1089 1750 insignem,
1123 1663 1275 1727 exscribo

167 1766 272 1830 Orest.
299 1767 397 1828 1631:
421 1767 563 1839 ναυτίλοις
586 1763 747 1850 σωτήριος]
772 1762 815 1829 ὅτι
836 1765 855 1850 ἡ
876 1762 981 1851 Ἑλένη
1005 1777 1066 1841 τοῖς
1092 1762 1276 1852 χειμαζομέ-

166 1892 226 1942 νοις
248 1865 325 1932 κατὰ
347 1864 494 1933 θάλατταν
518 1866 648 1953 ἐπήκοός
683 1868 753 1951 ἐστι,
783 1868 859 1933 κατὰ
881 1869 1041 1956 Εὐριπίδην
1065 1872 1276 1955 σεσημείωται·

169 1969 186 2036 ὁ
220 1969 316 2056 μέντοι
337 1973 482 2053 Σωσίβιος
515 1972 639 2055 ἔμπαλιν
674 1972 764 2038 οἴεται
795 1970 850 2037 οὐκ
883 1971 1012 2058 εὐμενῶν
1046 1972 1119 2039 αὐτὸ
1154 1971 1276 2057 101001-

166 2075 421 2159 001100ου11100
451 2074 685 2141 100001111οο.
716 2079 758 2141 33
780 2078 954 2141 adduntur:
992 2076 1135 2161 Πολέμων
1165 2076 1200 2141 δὲ
1226 2073 1278 2143 nul

168 2178 198 2246 ἐν
227 2183 307 2266 τῶδε
340 2185 385 2264 τῷ
417 2178 494 2263 πρὸς
522 2173 751 2263 Ἀλεξανδρίδην
779 2181 830 2265 τὴν
861 2180 911 2265 μὲν
940 2191 998 2246 τοῖν
1031 2185 1114 2271 δυοῖν,
1143 2176 1277 2266 ἀστέρων

170 2281 338 2367 ἐπιφάνειαν
359 2292 419 2348 τῶν
442 2282 630 2367 Διοσκούρων
653 2280 906 2369 ἀνομολογεῖσθαι,
933 2286 984 2370 τὴν
1014 2284 1048 2350 δὲ
1069 2292 1128 2350 τῶν
1149 2279 1277 2369 λεγομέ-

86 2447 88 2455 ,
168 2413 225 2454 νων
248 2388 392 2471 ζοβείρων
417 2385 503 2472 [lege
526 2386 699 2473 καβείρων]
727 2393 752 2462 ¹)
796 2389 899 2453 Multo
922 2392 1016 2453 011οι0
1040 2388 1279 2453 memorabilior

170 2493 369 2575 subscriptio
392 2500 453 2573 001,
477 2511 495 2554 0
518 2491 664 2573 plurimis
688 2493 782 2557 codd.
805 2493 931 2558 Orestis
954 2493 1016 2558 suh
1045 2493 1167 2559 calcem
1190 2490 1278 2556 exhi·

168 2595 244 2677 bita,
281 2615 376 2679 quam
398 2593 623 2677 praecedentis
657 2596 770 2660 scholii
806 2609 929 2680 partem
962 2617 1027 2661 000
1060 2617 1145 2679 0000,
1181 2614 1279 2680 quum

169 2719 210 2762 ex
233 2699 362 2782 100000
386 2699 606 2784 cognoscitur,
630 2708 698 2762 tum
717 2719 757 2763 ex
780 2721 819 2764 οο
843 2701 931 2785 qnod
952 2703 984 2764 in
1005 2700 1166 2765 nonnullis
1188 2698 1284 2762 libris·

168 2804 305 2867 seorsim
328 2801 515 2883 exhibetur,
539 2801 648 2866 verbis
672 2815 829 2888 concepta
851 2804 920 2869 his:
967 2804 1050 2889 Πρὸς
1072 2800 1203 2889 διάφορα
1223 2798 1278 2867 ἄν-

167 2909 294 2993 τίγραφα
316 2901 558 2989 παραγέγραπται
588 2902 623 2967 ἐκ
643 2913 698 2971 τοῦ
718 2907 857 2973 Διονύσου
887 2907 1006 2994 (marg.
1039 2931 1084 2993 γρ.
1113 2904 1277 2986 draicote)

142 3053 144 3057 ν
169 3012 374 3096 ὑπομνήματος
393 3005 570 3093 ὁλοσχερῶς
588 3007 639 3074 καὶ
655 3017 714 3074 τῶν
731 3020 846 3094 μικτῶν.
879 3012 1001 3076 Eadem
1023 3012 1133 3094 verba,
1156 3011 1277 3075 omissa

167 3136 251 3181 voce
273 3112 460 3197 ὁλοσχερῶς,
490 3113 549 3176 sed
571 3123 659 3178 recte
681 3117 803 3199 scripto
826 3118 953 3180 nomine
975 3117 1137 3199 Διονοσίοο,
1159 3132 1279 3198 suppe-

169 3221 282 3284 ditavit
314 3217 384 3281 cod.
418 3217 521 3280 Havn.
554 3215 718 3301 Euripidis
758 3239 919 3284 excussus
952 3221 984 3282 iu
1020 3219 1124 3285 Class.
1163 3219 1277 3284 Journ.

168 3321 207 3386 V.
243 3318 390 3385 XXVlIl.
420 3342 451 3404 p.
484 3321 558 3404 203,
590 3321 716 3387 fabulae
749 3324 811 3388 sub
844 3324 939 3387 finem
972 3344 1037 3387 non
1059 3325 1165 3408 posita
1195 3320 1278 3387 -sod

167 3426 370 3511 Argumento
393 3425 568 3499 subiecta.
593 3424 658 3489 Iam
682 3448 779 3510 quum
802 3427 881 3491 illud
903 3424 1143 3513 παραγέγραπται
1163 3426 1279 3491 eodem

168 3550 268 3595 sensu
302 3530 469 3594 manifeste
505 3530 626 3594 dictum
660 3531 718 3613 sit,
753 3551 817 3614 quo
854 3552 951 3614 supra
984 3533 1018 3594 10
1051 3528 1279 3614 Aristophanis

168 3632 300 3698 Scholio
323 3633 460 3720 legimus
483 3629 723 3717 superinponitur
753 3631 787 3696 ἐκ
810 3636 938 3699 Φαεινοῦ
957 3632 1008 3700 καὶ
1029 3630 1203 3719 Σομμοὶχου,
1223 3632 1278 3696 ubi

168 3759 201 3806 ν.
225 3739 317 3803 nobis
330 3748 456 3802 notata:
478 3737 635 3802 habemus
647 3739 902 3821 antiquissimum
914 3737 1163 3823 Euripideorum
1175 3736 1280 3803 Sebo-

164 3928 457 3946 --·-····——-''¹¹'¹

177 3986 181 3994 .
223 4019 250 4089 1)
270 4015 311 4071 lle
330 4023 386 4070 toto
403 4013 457 4068 hoc
475 4014 537 4068 1000
557 4013 668 4083 egregie
686 4028 774 4083 nuper
799 4012 945 4086 disputavit
970 4015 1136 4072 1101100000
1154 4012 1279 4088 Syntd.

273 4104 324 4158 litt.
352 4102 456 4155 doctor.
479 4118 601 4172 gymnas.
631 4100 725 4153 Ratav.
746 4098 784 4153 lX
810 4117 836 4172 p.
866 4105 929 4168 131,
957 4105 1068 4175 quicum
1090 4106 1172 4176 01000
1206 4101 1278 4156 10010

272 4183 507 4246 Anaxandridem
525 4187 642 4242 hominis
660 4204 760 4241 nomen
778 4187 925 4244 evincente
943 4191 1080 4263 simulque
1093 4188 1228 4265 Καβείρων,
1251 4189 1278 4242 10

211 4261 219 4275 “
273 4274 392 4351 quidet
408 4274 471 4345 ipse
489 4275 580 4329 statim
598 4274 759 4342 incideram,
776 4289 826 4348 pro
843 4270 957 4350 ζοβιίρων
974 4268 1134 4350 reponente.
1152 4322 1157 4329 .
