2902 4822
132 641 229 715 atque
251 631 386 714 patriam
409 630 480 693 eius
501 637 643 712 spectata
661 629 691 704 ²)
711 625 790 692 nihil
811 645 890 692 vero
912 636 1183 691 commemoratur
1202 623 1246 691 de

132 736 237 818 aliqua
260 736 436 799 carminum
457 734 657 798 recensione.
701 730 801 797 Unice
831 731 929 817 igitur
956 729 1146 815 relinquitur
1166 727 1246 795 illud

132 842 238 923 ipsum
261 838 348 924 quod
369 839 402 901 in
425 836 548 901 Anecd.
561 835 653 904 Rom.
666 836 828 922 Zopyrus,
851 836 1063 920 quiscumque
1083 834 1191 917 suerit,
1211 839 1247 897 ct
1325 903 1327 907 Α

132 965 206 1009 cnm
230 965 270 1008 eo
287 941 507 1007 Dicaearchus
529 941 570 1005 dc
590 940 771 1007 Homericis
793 941 1000 1024 carminibus,
1020 939 1079 1005 vel·
1096 937 1247 1005 delliade

132 1050 213 1134 sola,
245 1050 445 1130 iudicarunt3
481 1046 568 1130 quod
590 1067 655 1130 quo
677 1068 778 1113 sensu
800 1046 840 1112 ab
862 1048 902 1114 iis
924 1047 1046 1112 dictum
1067 1047 1128 1131 sit,
1161 1064 1247 1111 nuno

134 1156 236 1239 magis
259 1153 394 1216 divinari
422 1171 519 1236 quam
541 1161 632 1216 certo
643 1154 805 1235 ,consumi
831 1163 960 1238 potesta
988 1153 1039 1238 τὴν
1068 1151 1103 1217 δὲ
1130 1151 1248 1236 ποίηοιν

132 1253 383 1340 ἀναγινώσκεσθαι
398 1249 476 1328 ἀξιοῖ
497 1251 643 1340 Ζώπυρος
663 1251 683 1320 ὁ
703 1251 826 1340 Μάγνης
847 1253 963 1322 Αἰολίδι
981 1252 1143 1342 διαλέκτῳ·
1163 1252 1198 1318 τὸ
1218 1235 1244 1320 δ’

132 1357 203 1425 αὐτὸ
227 1357 277 1424 καὶ
298 1358 485 1442 Δικαίαρχος.
515 1358 643 1423 Accidit
663 1358 828 1442 hocloco,
850 1369 886 1425 ut
905 1361 1054 1426 insensu
1073 1357 1248 1424 verborum

133 1465 336 1553 singulorum
355 1465 544 1549 planissimo
570 1465 611 1530 de
627 1467 698 1549 ipsa
720 1466 893 1531 scribentis
913 1480 1020 1532 mente
1038 1467 1247 1533 haereamus:

133 1572 225 1636 cuius
246 1571 294 1634 rei
316 1589 432 1634 caussa
455 1588 497 1633 ex
512 1588 553 1634 eo
572 1567 747 1652 repetenda
766 1569 906 1652 videtur,
926 1569 1013 1654 quod
1024 1589 1109 1654 quae
1122 1568 1248 1633 lrictre-

134 1672 253 1737 duntur
264 1681 416 1755 excerpta
435 1682 511 1736 sunt
523 1691 564 1735 ex
579 1671 734 1755 ampliore
752 1673 928 1755 scriptione
947 1682 980 1737 et
995 1672 1248 1758 fragmentorum

132 1776 234 1839 instar
245 1774 353 1839 soluto
368 1776 597 1840 sententiarum
611 1794 695 1840 nexu
708 1786 943 1860 proponuntur.
966 1776 1040 1858 Quo
1052 1777 1137 1840 enirn
1148 1792 1249 1839 seusu

134 1879 278 1944 dicamus
295 1878 460 1965 Zopyrum
479 1879 642 1946 iudicasse
663 1879 715 1964 rip
730 1881 845 1966 ποίησιν
864 1879 1116 1965 mentimini
1134 1876 1250 1946 Αἰολίδι

134 1977 303 2067 διαλέκτῳδ
326 1980 413 2046 Nihil
430 1982 619 2066 proficimus
638 1983 750 2049 batim
768 1986 924 2071 vertendo
942 1985 1081 2073 lapscdc
1099 2001 1250 2050 cracem

133 2086 221 2149 mirra
232 2083 281 2148 cd
299 2103 450 2148 normam
469 2084 601 2150 dialecti
609 2085 777 2169 Aeolicus,
800 2107 883 2173 quae
901 2089 972 2172 ipsa
984 2098 1081 2173 egent
1094 2088 1250 2168 interpre-

63 2278 66 2283 ¹
134 2192 264 2254 tatione.
287 2187 393 2253 Facile
409 2188 539 2272 quidem
551 2189 748 2276 intelligitur,
761 2191 969 2278 principalem
980 2192 1045 2255 vim
1063 2189 1163 2255 totins
1176 2206 1250 2253 seu-

135 2296 252 2359 tentiae
275 2295 308 2358 in
330 2293 460 2359 dialecti
481 2297 644 2360 mentione
666 2307 832 2376 constare:
861 2317 926 2383 quo
949 2307 1056 2363 autem
1083 2317 1121 2362 en
1150 2314 1251 2361 sensu

135 2410 414 2482 commemoretur,
436 2399 469 2463 id
488 2421 603 2465 rursus
621 2419 663 2464 ex
684 2401 866 2487 significatu
886 2401 979 2466 verbi
999 2396 1250 2484 ἂνοιγινώοοιοδπι

131 2515 241 2590 aptum
264 2513 324 2568 est.
359 2502 424 2567 lam
444 2504 669 2588 quominusde
688 2523 850 2590 sermone,
873 2506 1020 2573 cuiusad
1037 2523 1249 2571 normascar-

131 2609 214 2671 mina
228 2607 347 2690 scripta
360 2616 482 2689 essent,
494 2603 660 2692 Zopyrum
676 2609 850 2676 tradidisse
861 2621 1052 2693 statuamus,
1064 2607 1155 2674 verbi
1173 2603 1249 2673 dra-

53 2764 71 2775 .
131 2709 327 2795 γινώσκεσθαι
349 2731 411 2777 usu
439 2722 472 2776 et
497 2713 633 2796 ratione,
656 2726 724 2779 tum
741 2715 838 2779 etiam
853 2715 887 2779 vi
908 2714 1001 2779 verbi
1023 2708 1120 2787 ἀξιοῦν
1141 2708 1249 2796 prohi-

130 2816 255 2899 bemur,
279 2815 398 2901 quippe
421 2836 485 2902 quo
500 2836 565 2881 non
583 2816 776 2901 declaretur,
796 2816 948 2904 Zopyrus
968 2815 1095 2902 qualem
1112 2813 1255 2879 formam·
1338 2819 1344 2828 ¹

131 2921 307 2986 carminum
328 2922 486 3004 repererit
507 2920 672 3006 traditam,
692 2920 756 3005 ‚sed
778 2942 842 3008 qua
868 2924 940 3007 ipse
967 2923 1070 2987 forma
1093 2938 1132 2983 ea
1160 2914 1249 2981 exbi-

131 3026 235 3091 benda
258 3044 333 3090 esse
356 3025 554 3091 existimarit
599 3024 682 3090 Nam
706 3025 747 3090 de
769 3027 918 3112 exemplo
941 3026 983 3092 ad
1003 3022 1159 3091 Aeolicae
1181 3021 1248 3086 dia-

130 3132 205 3197 lecti
216 3129 307 3215 leges
321 3149 339 3193 a
352 3128 484 3215 Zopyro
496 3129 609 3195 reficto
627 3133 773 3218 cogitare
784 3132 966 3199 excluditur
977 3152 1030 3215 eo,
1055 3129 1143 3216 quod
1161 3127 1249 3194 iden

131 3234 171 3297 de
192 3231 393 3296 Dicaearcho
416 3231 623 3297 statuendum
645 3247 745 3320 esset,
768 3237 858 3323 quod
878 3236 1056 3304 absurdum
1079 3243 1140 3301 est.
1179 3233 1249 3297 lum

131 3357 229 3422 quum
250 3337 432 3420 proximum
462 3347 552 3402 esset
574 3333 827 3423 ἀναγινώοκεοδαι
856 3342 897 3408 ds
919 3343 1058 3426 ratione,
1092 3359 1156 3425 qua
1178 3345 1249 3403 tlar-¹

129 3443 215 3506 mina
245 3441 410 3506 recitanda
443 3453 565 3527 essent,
598 3446 757 3530 accipere,
793 3457 901 3512 tamen
933 3447 996 3512 etsi
1016 3465 1082 3512 non
1103 3443 1248 3530 negarim

128 3545 292 3632 Zopyrum
316 3546 411 3611 simul
433 3567 471 3611 ea
495 3547 536 3614 de
557 3570 594 3614 re
616 3550 760 3637 cogitare
781 3552 939 3635 potuisse,
969 3560 1135 3635 praestare
1157 3547 1247 3612 vide·

128 3664 191 3736 tur,
214 3650 304 3735 quod
315 3649 493 3734 simplicius
507 3664 568 3736 est,
591 3665 626 3718 ut
644 3656 714 3720 eius
732 3661 923 3721 sententiam
940 3655 1024 3720 banc
1040 3654 1144 3718 fuisse
1159 3653 1248 3719 dica·

129 3777 211 3839 mus,
235 3755 417 3838 dialectum,
439 3778 502 3841 qua
526 3757 686 3825 Homerus
709 3762 907 3846 scripsisset,
932 3759 1141 3845 probabiliter
1158 3757 1248 3843 quod

131 3881 203 3925 eum
225 3862 353 3927 natione
371 3861 568 3928 Aeolensem
587 3875 727 3950 putaret,
749 3865 916 3931 Aeolicam
938 3865 1049 3948 fuisse,
1073 3874 1171 3949 atque
1192 3863 1248 3928 nbi

132 3965 172 4028 de
201 3965 335 4058 singulis
365 3964 478 4031 formis
507 3967 663 4035 dubitatio
694 3970 868 4054 incideret,
901 3969 987 4035 illius
1016 3970 1176 4036 sermonis
1205 3969 1248 4035 ad

130 4086 274 4133 normam
304 4087 360 4135 eas
381 4073 622 4156 componendas
652 4095 737 4141 esse.
782 4073 894 4159 ltaque
916 4072 993 4141 nibil
1025 4073 1159 4159 impedit
1180 4093 1246 4164 qun

180 4300 209 4366 t)
229 4293 354 4368 Vsusne
370 4295 557 4355 memma
573 4294 653 4355 rur.
667 4295 687 4366 l·
703 4295 724 4355 1.-
741 4313 770 4372 ν.
782 4297 849 4354 ttt.
