2902 4822
634 456 714 534 273

115 655 296 721 sinnada
325 654 443 720 esteris
472 651 525 715 vel
551 672 630 736 prae
659 652 778 717 ceteris
808 649 947 715 seorsim
971 647 1056 714 dieta
1085 656 1228 736 putetur,

114 762 162 825 rei
184 760 270 825 haud
293 759 405 823 meiius
428 755 914 842 oonsuiatur,'quandoquidem
936 766 1034 839 quum
1055 753 1138 820 hseo
1158 757 1237 840 ipsa·

115 884 275 949 personae
297 865 439 947 speeiem
462 882 599 926 neeesse
621 864 663 926 sit
684 860 811 944 induat,
833 861 866 923 in
888 878 1006 923 novam
1026 859 1232 926 incurramus

117 971 337 1054 quaestionem
349 967 434 1032 haud
446 967 689 1050 expeditiorem,
708 983 791 1048 quae
802 962 855 1028 ilia
866 961 961 1028 Musa
972 962 1026 1047 sit,
1044 974 1171 1048 aposta
1182 967 1237 1029 ira·

116 1084 240 1138 vocata.
263 1072 378 1157 Neque
398 1074 482 1136 enim
503 1073 532 1136 is
548 1069 715 1152 Calliopen
733 1069 832 1151 novit,
852 1086 958 1152 neque
975 1076 1157 1133 ceterarum
1174 1088 1236 1149 nos

116 1178 217 1260 nrina3
238 1197 342 1261 neque
359 1176 462 1262 magis
482 1172 792 1260 quot-numeraverit
808 1170 920 1237 Musas
939 1181 1083 1239 oonstatr·
1119 1173 1238 1260 Atque

117 1291 152 1344 ut
162 1282 252 1344 varia
264 1281 462 1366 singularum
475 1281 602 1344 nomina
614 1281 743 1343 inventa
753 1278 892 1357 fuerunt,
908 1294 1051 1362 quorum
1057 1278 1239 1346 mnemon

118 1385 419 1470 proiixeenarravit
438 1383 575 1448 Tzetzes
587 1382 608 1447 1.
625 1381 656 1467 i,
668 1383 711 1446 ita
728 1383 824 1446 etiam
844 1391 971 1446 constat
991 1381 1241 1450 diversissima·

117 1489 203 1554 tibus
234 1489 275 1553 de
299 1509 434 1554 numero
456 1488 624 1553 Musarum
645 1489 795 1572 antiquos
825 1488 915 1551 varie
940 1487 1242 1555 semitam-'ctam

118 1593 294 1658 Cornutum
322 1616 354 1678 p.
382 1595 426 1657 44
447 1603 480 1659 et
507 1593 652 1676 265.'sq.
686 1591 812 1656 Novem
843 1591 1010 1657 Musarum
1040 1588 1243 1675 nominass'dr‘

117 1699 283 1781 prooemio
295 1698 423 1762 demum
435 1695 831 1782 afferunturTheogoniae
843 1695 1019 1762 Hesiodiae
1035 1698 1241 1782 praeposito-,r

119 1802 205 1887 quod
218 1811 251 1866 et
261 1803 378 1886 ipsum,
400 1814 455 1867 aut
466 1811 556 1867 certe
566 1800 732 1866 Musarum
749 1800 801 1866 ilia
814 1803 986 1885 enarratio,
1000 1802 1241 1868 omnium-eone

119 1926 219 1970 sensu
247 1915 380 1970 auctore
403 1908 554 1971 carminis
581 1905 688 1988 ipsius
720 1905 822 1970 multo
850 1907 1019 1971 recentius·
1039 1926 1116 1972 esse
1143 1910 1240 1992 pauit

118 2020 181 2092 tur,
211 2010 297 2075 unde
326 2020 415 2076 reete
447 2022 543 2096 negat
563 2009 772 2074 Petersenius
800 2010 833 2072 in
854 2008 1238 2080 manturianensis

119 2114 143 2196 1,
168 2114 195 2178 1.
219 2136 250 2198 p.
274 2115 337 2178 103
359 2124 429 2181 tuto
450 2114 528 2179 inde
554 2114 671 2180 ooniiei
692 2132 804 2199 posse,
832 2125 949 2177 novem
972 2112 1084 2179 Musas
1108 2114 1239 2181 atilio-¹.

120 2217 213 2283 siodo
232 2220 367 2302 primurn
382 2221 530 2285 inductas
550 2238 633 2285 esse.
667 2216 704 2282 Si
725 2236 806 2283 vero
823 2219 946 2303 antiqui
962 2218 1118 2310 homines·
1132 2216 1239 2287 onmis

121 2323 309 2388 eruditionis
332 2337 365 2389 et
385 2326 518 2408 spiritus
541 2322 846 2388 altioris-notionem
868 2342 886 2386 a
905 2320 1019 2387 eantu's
1031 2324 1241 2406 potissimum

120 2428 152 2491 vi
174 2428 382 2511 repetendam
405 2435 451 2504 (v.
474 2426 556 2491 prat.
579 2424 716 2491 Phaedr.
732 2427 790 2506 90)
814 2430 942 2510 novem,
965 2424 1022 2495 vet
1040 2428 1145 2492 etiam·
1159 2430 1239 2494 o'offl

121 2549 332 2613 personarum
360 2531 553 2619 imaginibus
585 2531 770 2614 exprimere
799 2530 862 2594 sihi
880 2530 1099 2616 plaouerunt,
1116 2532 1239 2601 sind
1352 2605 1362 2613 ,

122 2634 285 2701 denarium
308 2657 413 2723 nsque
442 2655 610 2700 numerum
633 2632 883 2719 descenderunt,
915 2633 1239 2704 ticet-trunemsdu

121 2737 266 2804 Cornuto
286 2743 449 2825 traditum,
472 2741 512 2823 si,
534 2742 675 2825 inquam,
697 2749 764 2803 tam
787 2740 876 2804 varia
897 2738 958 2804 fuit
977 2740 1237 2826 nominum-opta

120 2845 173 2907 nio
195 2846 229 2908 in
249 2845 409 2931 fingendis
439 2846 510 2910 eius
532 2845 675 2909 notionis
696 2844 827 2926 formis,
860 2843 971 2927 quidni
991 2845 1238 2912 eosdemdtoat

81 2989 87 2999 -
121 2968 192 3015 mus
216 2951 249 3013 in
268 2970 334 3015 nna
356 2951 504 3035 primitus
525 2949 729 3030 oonstitisse,
745 2967 823 3032 'roua
844 2947 922 3031 quid
943 2958 1051 3013 mente
1069 2948 1237 3016 novata

120 3055 238 3139 ingenii
259 3055 389 3119 humani
409 3053 616 3119 facoltatibus
639 3053 867 3134 oonoepissent
897 3071 961 3116 una
984 3052 1238 3137 comprehende*

118 3157 214 3221 renti
249 3156 352 3246 igitur
372 3157 535 3223 Homerus
556 3177 653 3222 unam
674 3154 803 3220 Musam
824 3154 881 3220 ubi
902 3155 1000 3242 dixit,
1013 3156 1238 3225 unamlinteli

118 3259 197 3325 iexit
226 3261 331 3344 deam,
362 3282 469 3346 neque
501 3280 638 3328 necesse
670 3270 825 3344 statuere,
844 3259 906 3326 do-
936 3261 1019 3328 'aliis-
1037 3262 1237 3331 armamur

119 3366 305 3450 cogitasses·
337 3366 607 3452 quemadmodum
639 3364 800 3429 Pindarus
829 3384 937 3448 unam,
961 3368 1237 3453 ‘neque-pium

118 3471 272 3556 rogitavit
301 3470 446 3554 Musam,
479 3470 573 3557 Pyth.
602 3468 633 3554 l,
661 3470 705 3534 68
733 3479 766 3533 et
794 3469 989 3554 quicunque
1014 3471 1077 3537 hao'
1106 3471 1234 3536 ditendi

118 3575 241 3638 ratione
263 3594 344 3640 usus
366 3584 426 3640 est.
458 3573 578 3640 Contra
601 3593 719 3638 novem
733 3571 855 3637 Musas
876 3574 1235 3642 nominenotaarinteb

116 3677 195 3742 lenit
211 3679 333 3744 Aratus
349 3698 447 3764 quum
468 3679 644 3743 advocaret
661 3678 724 3743 sibi
740 3678 931 3761 praesentas
950 3677 1073 3762 omnes,
1096 3674 1237 3746 mitte

118 3783 266 3847 carminis
296 3803 347 3847 vs.
370 3783 429 3846 to:
473 3781 606 3868 χαίροιτι
639 3779 673 3847 δὲ
700 3784 817 3848 Μοῦσαι
845 3781 985 3867 portata
1015 3777 1106 3867 puta:
1124 3780 1238 3850 *slim

118 3883 252 3950 Praeter
283 3885 417 3951 exordia
446 3905 528 3950 vero
549 3885 657 3952 iliadis
679 3896 712 3951 et
734 3885 904 3972 Odysseae
926 3885 1011 3950 hand
1032 3885 1142 3971 aldum,
1163 3884 1236 3974 tm

118 3989 213 4053 unius
234 3989 314 4055 deae
335 3988 481 4056 Musae
472 4010 506 4054 rn
525 4001 666 4076 utroque
687 3991 828 4055 carmine
848 3990 970 4055 mentio
991 3988 1106 4077 toret,
1112 3991 1237 4121 dueum

116 4094 193 4158 no'vi
215 4114 312 4178 quam
332 4095 421 4160 iliad.
444 4095 474 4176 β,
488 4095 578 4159 761:
1123 4142 1127 4147 -
1159 4142 1163 4151 .
1200 4116 1238 4169 ·“,

218 4221 263 4274 τις
282 4221 300 4263 τ
295 4190 368 4283 ’ἂρ
390 4205 449 4263 τῶν
473 4191 520 4283 ὄχ’
544 4197 664 4285 ἄριστος
684 4197 804 4283 {past
771 4222 807 4264 συ
830 4221 879 4286 μοι
900 4198 1013 4284 ἔννεπε,
1033 4201 1148 4267 Μοῦσα,

115 4302 198 4369 Nam
219 4304 326 4370 Μοῦσα
346 4300 466 4389 urata,
478 4312 562 4389 oute
580 4303 703 4371 dieitur
729 4302 850 4391 Odyss.
877 4306 1005 4391 u,·62,·
1022 4314 1229 4373 our-astera
