2902 4822
678 423 868 500 ‘153⁴

162 623 229 697 est,
265 634 329 698 quo
352 616 476 700 gratius
496 615 557 699 ipsi
581 614 681 678 videri
705 614 855 694 debebat,
889 624 1037 679 vetustae
1066 613 1152 678 illius
1175 612 1270 676 disci·

162 716 271 802 phuae
295 719 441 801 quamvis
459 717 596 782 stolidae
614 717 766 801 reliquiar
787 718 909 801 aliquot
928 720 959 780 in
978 717 1083 782 lucem
1104 715 1270 780 reducere.

163 818 288 884 Vellem
309 821 354 883 ita
376 831 482 884 esset:
506 821 566 885 sed
588 821 655 884 veri
678 819 806 885 videtur
830 819 913 883 haud
937 821 1049 884 simile.
1104 819 1186 882 Nam
1207 819 1271 901 pri·

163 942 249 986 mum
271 922 499 987 Alexandrinis
521 924 736 1009 grammaticis
759 924 786 987 si
809 944 920 987 revera
942 923 1125 1007 glossarum
1146 921 1273 984 iliarum

163 1024 236 1088 libri
259 1023 381 1107 aliquot
403 1037 532 1108 praesto
556 1028 694 1106 fuerunt,
726 1027 840 1090 mirum
863 1026 960 1089 debet
981 1024 1094 1106 videri,
1122 1023 1209 1109 quod
1232 1040 1273 1086 ne

104 1183 108 1190 .
164 1147 247 1191 unus
273 1127 402 1210 quidem
425 1130 566 1193 auctoris
590 1130 718 1192 nomine
740 1128 889 1193 laudatus
913 1140 976 1194 est:
1008 1141 1075 1193 tum
1098 1129 1126 1192 si
1149 1137 1273 1190 mature

164 1241 332 1310 auctorum
355 1234 481 1295 nomina
507 1232 547 1296 de
571 1232 722 1296 memoria
745 1230 907 1296 hominum
927 1233 1090 1297 excidisse
1103 1250 1273 1316 ponamus,

120 1372 123 1376 ⁴
165 1344 200 1398 ut
227 1333 299 1398 solo
332 1337 484 1399 Γλωσσῶν
519 1336 646 1397 nomine
680 1335 896 1418 grammaticis
930 1336 996 1398 noti
1029 1335 1182 1417 fuissent,
1218 1350 1275 1398 oxa

165 1437 305 1520 spectari
328 1437 494 1519 debuerat,
518 1457 629 1501 eorum
649 1438 826 1519 scriptores
838 1437 900 1499 alio
913 1438 1050 1518 nomine,
1074 1458 1138 1521 quo
1156 1438 1274 1522 agios·

165 1540 335 1624 sographis
358 1543 574 1623 posteriorum
597 1549 735 1603 aetatum
759 1539 1029 1622 discernerentur,
1053 1542 1167 1605 citatos
1189 1559 1274 1605 esse.

166 1643 272 1723 Addo,
306 1643 335 1706 si
356 1646 434 1708 tanti
456 1646 560 1709 visum
583 1654 649 1724 est,
679 1646 815 1707 istorum
843 1643 1153 1729 glossographorum
1187 1661 1275 1707 erro·

165 1766 220 1811 res
251 1747 337 1825 (nam
360 1746 452 1810 aliter
481 1767 577 1830 quam
606 1767 679 1810 cum
712 1747 965 1830 reprehensione
997 1767 1062 1809 nou
1082 1745 1274 1824 afferuntur)
1321 1754 1323 1756 ’

165 1852 329 1913 etiamtum
368 1851 527 1934 castigare
569 1850 728 1933 signoque
756 1845 884 1914 'critico
927 1860 1057 1931 notare,
1102 1861 1136 1913 ut
1179 1870 1209 1914 v.
1246 1870 1274 1914 c.

165 1955 285 2017 factum
308 1975 336 2032 0,
358 1955 436 2016 540:
460 1954 479 2038 ἠ
503 1954 591 2038 διπλῆ
614 1949 657 2018 ὅτι
678 1950 727 2016 ἐπὶ
747 1953 884 2017 τοιούτων
905 1950 1005 2016 τόπων
1028 1951 1056 2019 οἱ
1076 1946 1275 2037 γλωσσογρά-

166 2078 217 2140 φοι
237 2054 305 2128 τοὺς
329 2051 414 2129 νέους
435 2052 581 2135 ὑπέλαβον
613 2053 761 2136 λέγεσθαι,
786 2075 922 2119 necesse
952 2064 1002 2118 est
1024 2066 1214 2135 statuamus,
1237 2074 1276 2119 ea

165 2163 288 2240 aetate,
323 2179 386 2242 qua
409 2159 484 2222 talia
505 2159 752 2238 adnotareutur,
785 2159 905 2239 scripta
927 2158 981 2221 iiia
1003 2157 1107 2222 adhuc
1130 2158 1276 2222 manibus

168 2264 308 2326 omnium
333 2279 460 2326 versata
484 2283 569 2343 esse,
594 2272 628 2324 ut
649 2263 682 2324 iu
705 2260 899 2343 repellendis
912 2262 1154 2345 refutandisque
1165 2279 1277 2324 eorum

168 2366 358 2429 commentis
381 2385 514 2448 operam
529 2366 690 2427 insumere
704 2382 824 2445 operae
837 2365 974 2445 pretium
982 2364 1164 2428 videretur:
1189 2362 1277 2446 quod

168 2469 197 2532 si
218 2470 262 2531 ita
285 2467 404 2549 habuit,
428 2488 525 2552 aegre
554 2466 668 2530 credas
692 2468 878 2530 memoriam
893 2486 1003 2531 eorum
1016 2477 1102 2530 tanta
1116 2466 1276 2529 oblivione

168 2572 306 2654 opprimi
319 2572 477 2654 potuisse,
501 2580 534 2635 ut
545 2581 675 2654 praeter
688 2571 766 2633 istas
785 2571 817 2631 in
835 2568 975 2636 Schohis
988 2569 1120 2635 Venetis
1140 2569 1277 2634 subinde

167 2673 309 2757 unoque,
343 2675 483 2738 sirecte
513 2675 651 2755 memini,
675 2672 748 2737 ioco
771 2674 803 2735 iu
831 2672 971 2738 Scholiis
999 2673 1085 2737 Harl.
1108 2673 1150 2737 ad
1172 2672 1278 2757 Odys·

167 2798 257 2841 seam
281 2777 326 2855 (v.
350 2776 493 2841 Crameri
515 2776 640 2841 Anecd.
662 2774 737 2841 Par.
759 2775 797 2842 Τ.
816 2774 867 2839 ΙΙΙ.
889 2798 920 2859 p.
934 2778 1013 2856 440)
1035 2787 1183 2840 servatas
1205 2774 1278 2839 reli·

150 2881 260 2965 ·quias
288 2878 363 2942 nihil
393 2879 433 2944 ad
456 2869 696 2962 uos'perlatum
723 2880 782 2942 sit:
814 2878 901 2962 quod
934 2881 1029 2943 etiam
1060 2880 1162 2964 magis
1184 2881 1278 2942 mira·

167 2982 256 3064 bere,
277 2984 306 3046 si
334 2983 535 3065 reputaveris
564 2982 654 3046 illum
677 2980 783 3063 dipiae
805 3001 910 3062 usum,
946 3002 1042 3065 quem
1065 2982 1158 3047 locus
1181 2982 1277 3045 modo

166 3083 316 3149 laudatus
344 3085 484 3167 exhibet,
517 3106 581 3149 non
610 3082 800 3165 Aristarchi,
823 3083 881 3146 sed
911 3086 1129 3166 posteriorum
1151 3087 1278 3150 critico·

167 3209 239 3252 rum
269 3189 382 3272 fuisse,
415 3191 602 3273 Aristonici,
632 3196 667 3252 ut
688 3189 812 3270 opinor.
856 3185 946 3251 Haec
968 3189 997 3251 si
1014 3186 1062 3253 ita
1084 3201 1170 3271 sunt,
1201 3188 1278 3273 quid

168 3301 219 3360 est
252 3292 340 3376 quod
372 3312 582 3375 aspernemur
617 3310 751 3357 censere
783 3291 817 3354 id
850 3291 937 3374 quod
972 3301 1046 3355 ante
1081 3292 1183 3377 pedes
1217 3301 1278 3373 est,

167 3395 345 3476 scriptores
368 3396 475 3477 potius
498 3395 723 3479 intelligendos
747 3413 822 3458 esse
845 3413 915 3478 eos,
939 3397 1112 3478 quistatim
1134 3395 1175 3458 ab
1188 3395 1278 3458 initio

167 3499 395 3582 grammaticae
419 3508 450 3561 et
472 3500 602 3562 criticae
631 3499 710 3562 artis
732 3496 818 3581 apud
848 3496 1087 3562 Alexandrinos
1118 3497 1279 3576 factitatas

168 3599 393 3664 obscuriorum
428 3621 546 3665 vocum
582 3599 826 3666 Homericarum
871 3599 1085 3682 explicatione
1117 3599 1278 3683 occupati,

168 3722 305 3787 quorum
329 3704 500 3769 nonnullos
522 3705 709 3789 percensuit
729 3700 873 3765 Wolhus
896 3700 1026 3785 Proieg.
1049 3723 1080 3785 p.
1099 3702 1170 3782 187,
1194 3701 1280 3765 huno

167 3804 349 3869 studiorum
371 3807 509 3871 fructum
531 3808 659 3871 nornine
675 3807 828 3869 Γλωσσῶν
851 3805 988 3868 subinde
1012 3816 1144 3887 recepto
1168 3803 1281 3889 vulga·

167 3921 248 3972 rent.
285 3907 334 3972 De
357 3929 419 3993 qua
442 3913 634 3995 scriptorum
658 3910 764 3975 classe
787 3907 955 3971 enucleate
982 3906 1158 3990 disputavit
1181 3906 1280 3971 Meie-

167 4032 224 4076 rus
248 4010 459 4080 Commentat.
482 4014 641 4078 Andocid.
669 4011 723 4096 vt,
738 4013 768 4077 3.
788 4032 820 4094 p.
843 4007 1001 4092 XVl.sq.,
1025 4011 1110 4075 uude
1127 4013 1280 4076 transcri-

167 4115 243 4179 bam
263 4114 362 4179 haec:
389 4115 529 4182 „Eorum
550 4128 668 4200 autem,
696 4116 749 4200 qui
771 4121 847 4198 post
868 4112 1093 4200 Aristarchum
1110 4114 1144 4177 in
1165 4113 1280 4197 eodem

166 4217 349 4285 studiorum
378 4241 499 4311 genero
531 4220 761 4304 versabantur,
795 4215 952 4304 imprimis
986 4216 1172 4309 nominandi
1203 4223 1280 4283 sunt
