2902 4822
695 421 847 546 103¹

170 613 287 678 deinde
309 613 351 677 de
373 613 557 678 oriticornm
589 610 779 677 Aristarcho
800 615 1019 697 posteriorum
1040 633 1119 678 usu:
1152 615 1186 677 in
1218 635 1284 698 qua

169 716 394 801 disquisitione
417 715 610 795 tenendum,
643 717 726 798 parti
748 717 848 799 priori
871 736 912 780 ex
933 717 1135 801 posteriore,
1171 729 1283 783 utres

170 819 305 901 ferebat,
335 819 488 883 nonnulla
509 820 616 882 statim
638 819 780 882 immixta
802 839 888 903 esse,
917 830 988 910 tum
1007 820 1165 884 rationem
1188 822 1282 884 unice

169 941 283 987 eorum
306 923 472 1007 signorum
507 921 647 985 habitam
670 942 756 1004 esse,
791 942 874 1005 quae
895 922 935 984 ad
959 922 1057 986 crisin
1079 920 1285 987 Homericam

168 1034 363 1109 spectarent.
399 1025 607 1090 Aristarchus
627 1024 742 1088 horum
763 1024 815 1089 vel
839 1024 990 1088 similium
1011 1026 1178 1109 signorum
1190 1045 1285 1090 usum

168 1147 211 1190 an
231 1128 265 1189 in
287 1127 422 1191 aliorum
445 1147 576 1212 quoque
604 1128 800 1209 scriptorum
835 1127 988 1210 operibus
1019 1127 1167 1192 notandis
1197 1128 1285 1192 adhi-

168 1230 285 1311 buerit,
309 1229 458 1295 absoluto
479 1230 541 1295 hoc
553 1231 658 1312 capite
671 1229 914 1313 disquirendum
926 1231 997 1294 erit.
1032 1229 1097 1293 lam
1109 1249 1188 1294 vero
1200 1231 1228 1294 si
1243 1251 1285 1295 ex

167 1332 219 1413 iis,
244 1352 327 1414 quae
350 1353 448 1414 supra
471 1332 554 1395 dicta
578 1344 664 1414 sunt,
700 1343 839 1415 constat,
873 1333 1053 1417 signorum,
1088 1351 1171 1415 quae
1201 1342 1285 1398 teste

166 1445 301 1499 auctore
334 1431 495 1499 Anecdoti
527 1433 623 1498 Rom.
652 1434 832 1498 Aristarchi
867 1435 997 1518 propria
1032 1434 1160 1516 luerint,
1191 1437 1224 1500 h.
1256 1456 1284 1500 e.

168 1538 255 1621 dipla
288 1547 434 1621 utraque,
470 1536 600 1619 obeluS,
635 1538 811 1600 asteriscus
845 1557 966 1620 puruS,
1004 1537 1181 1600 asteriscus
1209 1558 1283 1602 cum

167 1640 265 1704 obelo
289 1650 322 1704 et
343 1642 511 1725 antisigma
535 1650 762 1722 compuncto,
792 1640 847 1702 vix
869 1660 969 1703 unum
990 1638 1176 1703 alterumve*
1190 1659 1284 1722 repe·

167 1743 233 1824 riri,
258 1742 346 1826 quod
368 1745 408 1806 ab
442 1746 515 1827 ipso
548 1743 739 1807 Aristarcho
770 1744 947 1825 inventum,
979 1743 1182 1826 primumque
1215 1739 1283 1806 Ho-

167 1864 258 1909 mero
280 1846 422 1909 notando
445 1847 609 1911 admotum
632 1848 690 1929 sit,
725 1865 922 1930 magnopere
956 1844 1044 1907 subit
1073 1844 1193 1928 mirari,
1226 1845 1282 1930 qui

168 1947 287 2012 factum
300 1948 352 2029 sit,
366 1959 401 2012 ut
415 1951 573 2032 quidquid
582 1951 749 2035 signorum
763 1950 948 2012 criticorum
960 1945 1103 2010 Homero
1117 1950 1282 2031 apposito·

168 2069 239 2114 rum
253 2050 386 2133 exstitit,
410 2054 539 2116 nomine
550 2052 836 2133 Aristarchiorum,
860 2060 1022 2131 tamquam
1033 2049 1078 2112 ita
1092 2049 1133 2112 ab
1146 2060 1280 2114 auctore

167 2162 200 2217 et
220 2154 390 2216 inventore
412 2155 657 2238 appellatorum,
681 2154 722 2217 ad
743 2173 803 2217 nos
826 2151 983 2233 perlatum
1000 2152 1058 2234 sit,
1081 2153 1126 2215 ita
1151 2163 1186 2214 ut
1208 2149 1282 2214 Ari·

166 2256 329 2338 starchus,
353 2258 447 2320 etiam
470 2259 526 2320 ubi
549 2277 614 2321 non
636 2259 818 2320 nominatus
841 2263 941 2332 esset,
961 2252 1002 2314 ab
1018 2254 1166 2318 omnibus
1189 2253 1281 2317 intel·

166 2356 331 2443 ligeretur,
356 2359 456 2423 veluti
477 2336 563 2442 apud
584 2359 767 2423 Ausonium
789 2358 823 2420 in
845 2356 894 2418 his
917 2352 1020 2439 Epist.
1037 2354 1153 2438 XVlll,
1174 2356 1234 2420 292

321 2464 435 2546 quique
455 2471 553 2528 notos
575 2464 694 2546 spuriis
714 2457 856 2525 versibus
879 2458 1040 2542 umescit.

165 2562 218 2628 Ac
240 2564 268 2628 si
291 2564 405 2629 demus
434 2564 658 2629 Aristarchum
689 2565 873 2649 signorum,
909 2579 992 2644 quae
1027 2560 1069 2624 ab
1102 2560 1280 2644 superiorIs

165 2668 280 2731 aetatis
309 2687 372 2732 usu
402 2678 566 2732 mutuatus
597 2676 696 2750 esset,
729 2672 908 2749 potestates
942 2682 1061 2727 novum
1094 2663 1128 2726 in
1149 2662 1281 2729 modum

166 2771 374 2834 constituisse
396 2770 448 2834 vel
471 2789 557 2834 novo
579 2769 677 2833 modo
709 2770 742 2831 in
765 2765 908 2830 Homero
933 2766 1161 2851 distinguendo
1191 2767 1280 2832 adhi-

165 2871 288 2955 buisse,
312 2884 419 2936 tamen
442 2875 523 2938 haec
537 2871 715 2936 Aristarchi
738 2890 840 2954 opera
861 2888 926 2933 non
948 2871 1029 2932 tanti
1042 2870 1145 2934 videri
1157 2870 1280 2955 debuit,

165 2982 202 3038 ut
222 2983 312 3038 tanta
343 2974 447 3040 laudis
480 2975 565 3038 lama
587 2977 679 3058 signa
703 2994 742 3037 ea
765 2973 927 3037 celebrata
962 2969 1049 3036 sint,
1079 2972 1153 3035 Alia
1181 2972 1290 3057 igitur

165 3075 235 3142 eius
258 3078 361 3142 famae
383 3097 500 3142 caussa
532 3089 564 3140 et
586 3078 678 3161 origo
702 3075 896 3160 quaerenda,
930 3094 1013 3159 quae
1043 3074 1119 3139 mibi
1149 3073 1278 3160 quidem

164 3199 229 3245 uon
252 3181 385 3262 abipsa
409 3199 521 3243 eorum
544 3180 668 3244 ratione
690 3179 867 3262 repetenda
885 3178 1023 3260 videtur,
1046 3176 1107 3242 sed
1125 3177 1165 3240 ab
1181 3196 1278 3263 argu·

164 3284 274 3367 menti,
299 3284 351 3347 cui
381 3282 571 3346 illustrando
593 3282 751 3345 inservire
773 3281 977 3362 iubebantur,
1011 3288 1078 3344 tum
1107 3280 1277 3364 gravitate,

164 3395 232 3450 tum
247 3385 288 3449 ab
305 3384 413 3449 iudicii
433 3385 625 3448 auctoritate
641 3394 673 3447 et
689 3385 890 3467 dexteritate,
907 3404 970 3468 qua
986 3393 1135 3449 versatus
1152 3392 1278 3448 utente
1380 3454 1383 3460 ,

164 3507 237 3552 eum
260 3506 356 3551 nemo
378 3486 567 3570 aequalibus
590 3487 796 3570 posterisque
823 3485 1041 3550 Aristarchus
1054 3487 1087 3549 in
1108 3484 1277 3550 tractando

163 3588 307 3661 Homero
330 3590 422 3652 visus
444 3592 512 3653 fuit.
556 3590 721 3677 igiturex
744 3587 916 3670 ealaude,
948 3605 1044 3671 quam
1066 3587 1293 3669 Aristarchus

164 3692 280 3758 studiis
303 3692 372 3755 suis
384 3690 566 3756 Homericis
589 3704 811 3783 consequutus
829 3700 890 3774 est,
906 3691 931 3770 ¹)
954 3708 1114 3774 quamque
1125 3688 1277 3755 socordia

163 3793 328 3859 hominum
350 3813 454 3875 paene
472 3794 685 3858 oblitteratam
701 3815 762 3858 nec
784 3792 940 3858 aWolfio
953 3791 1047 3875 plane
1060 3801 1275 3876 perspectam,

165 3916 248 3961 unus
269 3905 381 3960 nostra
403 3898 557 3960 memoria
579 3896 733 3962 Lehrsius
756 3898 788 3960 in
811 3906 875 3959 tem
898 3893 986 3959 clara
1007 3891 1080 3958 luce
1098 3893 1218 3976 posuit,
1241 3904 1278 3957 ut

162 4000 240 4064 tanti
263 3999 335 4082 viri,
358 3998 462 4082 qualis
485 3998 693 4065 Aristarchus
716 3998 785 4082 tuit,
819 3999 891 4082 ipse
913 3997 984 4062 sive
1006 3995 1184 4080 discipulus
1205 3997 1277 4063 sive

216 4219 245 4285 1)
263 4215 298 4271 V.
316 4214 440 4273 bekkeri
457 4216 564 4276 Anecd.
584 4215 617 4272 Τ.
635 4216 669 4279 ΙΙ.
687 4234 715 4288 p.
732 4219 792 4274 768.
