2902 4822
704 460 757 534 52

174 661 288 736 putare
310 652 431 735 possit,
462 650 568 715 Iliadis
592 651 670 714 illud
693 649 857 734 exemplar
887 650 990 734 signis
1015 650 1208 735 quibusdam
1237 653 1287 718 di·

172 755 324 819 stinctum
342 754 455 837 inisse,
480 753 597 839 quibus
616 753 735 839 singuli
755 753 819 817 Ioci
839 753 1017 818 eminentes
1037 754 1079 817 ad
1097 757 1288 823 memoriam

170 855 380 922 refovendam
402 858 503 922 notati
525 867 646 940 essent,
669 856 702 919 id
720 855 977 940 reprobatureo,
1001 855 1088 941 quod
1102 857 1167 923 boc
1176 861 1285 943 ipsum

171 960 355 1045 exemplar,
390 960 444 1025 vel
466 980 549 1046 qnae
571 961 642 1023 eius
664 958 706 1022 ad
728 979 872 1022 normam
893 960 1062 1024 confectae
1090 969 1203 1026 essent
1229 981 1286 1027 en-

65 1088 71 1094 ·
169 1065 254 1148 piae,
288 1065 320 1126 in
343 1063 497 1128 subsidiis
519 1063 653 1126 Homeri
676 1063 795 1126 criticis
818 1064 913 1126 etiam
935 1063 1037 1127 multo
1059 1073 1136 1146 post
1155 1063 1294 1146 habitae,

169 1176 263 1233 suntt
286 1166 372 1231 unde
394 1177 484 1231 certo
499 1166 660 1251 colligitur
672 1164 829 1247 σημείωσιν
843 1164 928 1229 illam
947 1167 980 1229 in
999 1165 1107 1250 aliqua
1125 1165 1285 1234 diortltosi

167 1269 276 1335 Iliadis
299 1271 410 1334 critica
433 1271 629 1348 constitisse,
664 1267 751 1351 quod
779 1267 980 1331 confirmatur
1002 1264 1162 1333 Eustatbii
1192 1271 1284 1335 testi-

168 1374 288 1455 monio,
318 1372 369 1456 rip
399 1369 434 1436 ἐκ
454 1368 606 1455 νάρθηκος
627 1371 716 1432 iuxta
738 1368 868 1433 iliadem
895 1369 1148 1436 Massalioticum
1176 1384 1207 1436 ct
1231 1371 1282 1436 Si·

167 1477 315 1560 nopicam
338 1475 512 1558 afferentis,
534 1472 575 1537 ad
597 1472 685 1537 Iliad.
707 1494 735 1536 u.
759 1494 789 1555 p.
813 1474 844 1536 o.

671 1646 699 1731 t.
723 1647 773 1713 ro.

431 1833 433 1837 ,
468 1775 520 1831 Ile
552 1771 650 1829 uotis
682 1772 981 1842 Hippocratieis.

251 1907 393 1991 Similis,
430 1904 576 1992 quamvis
608 1904 640 1967 in
667 1915 862 1990 *argumento
884 1905 982 1992 longe
1011 1907 1153 1992 diverso,
1187 1919 1280 1974 nota·

164 2013 243 2077 tioni
265 2010 484 2076 Aristarebiae
520 2027 631 2072 eorum
654 2008 821 2093 signorum
844 2010 926 2074 ratio
948 2009 1020 2094 fuit,
1055 2030 1139 2096 quae
1159 2008 1279 2096 Epide-

164 2116 300 2180 mierum
325 2111 625 2198 Hippocraticorum
660 2110 733 2173 libri
755 2109 797 2174 III
819 2112 978 2195 capitibus
1011 2104 1175 2179 nonnullis
1196 2115 1277 2179 anti·

165 2219 273 2303 quitus
314 2216 499 2300 subscripta
540 2215 723 2278 etiamnunc
762 2214 794 2277 in
835 2214 1073 2298 exemplaribus
1113 2217 1276 2284 teruntur:

164 2340 248 2407 quae
270 2340 369 2406 quum
392 2315 468 2384 olim
489 2319 628 2382 fuissent
651 2318 705 2402 qui
723 2315 770 2381 'ab
785 2319 857 2401 ipso
879 2328 1012 2382 auctore
1032 2320 1179 2402 profecta
1201 2340 1277 2387 cen·

164 2435 284 2505 serent,
308 2443 346 2488 ea
368 2421 516 2507 prolixae
539 2420 738 2506 quaestionis
760 2421 844 2484 inter
864 2421 1009 2485 medicos
1035 2423 1275 2490 Alexandrinos

166 2527 306 2612 agitatae
329 2545 440 2588 ansam
476 2524 653 2606 dederunt,
688 2544 786 2608 quum
808 2525 998 2607 praesertim
1029 2534 1061 2589 et
1082 2527 1275 2612 significatio

163 2629 276 2693 barum
297 2637 447 2691 notarum
469 2626 618 2710 ambigua
642 2636 674 2689 et
697 2626 897 2691 subobscure
921 2638 1019 2691 esset.
1065 2628 1135 2712 Qua
1161 2629 1204 2695 de
1225 2650 1273 2716 re,

165 2752 182 2796 a
206 2728 387 2796 Villoisono
409 2728 538 2814 Proleg.
562 2729 602 2792 ad
625 2727 713 2792 Iliad.
736 2750 767 2812 p.
791 2727 866 2812 XX,
889 2729 945 2793 ubi
967 2729 1008 2794 de
1030 2732 1132 2818 signis
1154 2732 1275 2802 criticis

164 2836 241 2920 agit,
264 2833 393 2900 minime
415 2832 573 2918 neglecta,
605 2851 646 2896 eo
668 2833 774 2915 aptius
796 2833 925 2897 videtur
946 2833 999 2898 bic
1034 2837 1147 2918 paucis
1176 2855 1276 2922 expo-

164 2958 253 3022 nere,
288 2956 352 3021 quo
381 2935 476 3001 huius
507 2933 572 2998 litis
602 2936 686 3000 actio
709 2934 750 3026 ad
772 2946 909 3000 aetatem
937 2936 1117 3001 Aristarchi
1138 2941 1274 3024 propius

164 3039 300 3107 accedit.
344 3038 395 3102 Ac
416 3038 505 3101 litem
527 3040 670 3104 movisse
693 3037 819 3102 videtur
849 3037 938 3102 Zeno
962 3038 1169 3124 Heropbilius
1191 3041 1275 3107 libro

164 3140 234 3227 περὶ
254 3140 452 3228 χαρακτήρων
475 3142 641 3226 inscripto,
664 3152 749 3206 teste
772 3139 896 3204 Galeno
919 3139 1042 3206 Comm.
1065 3144 1098 3206 iu
1119 3141 1274 3229 Hippocr.

164 3246 311 3330 Epidern.
340 3241 376 3307 T.
399 3240 500 3325 XVII,
527 3243 543 3309 1
578 3264 609 3326 p.
633 3245 706 3311 600.
736 3244 800 3307 618
834 3241 958 3326 Kiihn.,
994 3245 1193 3312 illustrandis
1223 3242 1287 3311 vel?

164 3350 271 3430 etiam,
305 3346 334 3411 si
368 3364 505 3408 necesse
540 3345 713 3428 videretur,
749 3345 949 3430 corrigendis
981 3347 1053 3411 istis
1086 3347 1276 3432 Hippocrati

163 3451 263 3537 vulgo
285 3448 412 3514 tributis
435 3449 537 3535 signis
561 3449 732 3531 destinato,
754 3449 781 3528 ¹)
805 3449 858 3512 cui
877 3447 919 3519 ad
948 3447 1153 3515 refutandum
1173 3450 1276 3536 Apol·

163 3554 284 3618 lonium
303 3549 510 3638 Empirieum,
534 3552 590 3636 qui
612 3550 784 3615 oblocutus
807 3564 888 3634 erat,
909 3551 1047 3615 alterum
1065 3554 1276 3639 insequiius·

163 3659 222 3723 sitt
247 3675 311 3742 quo
333 3665 461 3719 mortuo
494 3675 563 3718 rem
585 3654 742 3740 singulari
763 3652 874 3717 libello
896 3650 964 3738 περὶ
996 3656 1203 3741 χαρακτήρων·
1227 3658 1276 3721 in·

163 3762 286 3844 scripto
323 3759 510 3822 retractavit
538 3757 732 3840 Apollonius
764 3758 957 3842 cognomine
989 3757 1111 3843 Biblos,
1146 3769 1277 3843 praeter

163 3864 226 3931 alia
247 3862 388 3927 Zenonis
410 3860 636 3947 negligentiam
659 3858 838 3942 exagitans,
870 3861 988 3944 quippe
1010 3863 1065 3946 qui
1087 3861 1275 3929 melioribus

163 3963 383 4055 Hippocratici
404 3963 482 4028 libri
499 3959 737 4047 exemplaribus
761 3962 806 4024 uti
828 3973 1019 4045 aspernatus
1042 3975 1141 4048 esset,
1164 3986 1184 4030 a
1206 3965 1275 4050 qni·

165 4112 375 4126 *—

217 4180 242 4250 1)
262 4178 303 4234 Dc
321 4180 374 4235 boc
391 4178 503 4236 Zenone
522 4196 548 4232 v.
568 4175 649 4230 IIirbn
669 4175 772 4231 Cemm.
798 4175 831 4230 de
849 4193 920 4230 nova
941 4177 1021 4232 Corn.
1050 4178 1126 4234 Celsi
1144 4177 1274 4244 editione,

265 4264 376 4340 Llpsiee
395 4266 470 4320 tots
490 4263 561 4318 Part.
580 4262 614 4318 ΙΙ.
632 4279 660 4332 p.
678 4264 704 4314 7.
722 4279 763 4332 sq.
783 4258 892 4317 Villois.
912 4265 931 4318 l.
950 4265 968 4319 l.
1081 4301 1085 4311 .
