2902 4822
741 430 825 511 ,33

221 629 349 695 dialecti
366 625 521 692 Aeolicae
543 624 618 690 odio
639 623 837 706 zenodotus,
859 620 958 710 quum
968 624 1057 691 11166.
1071 648 1105 710 rr,
1117 628 1159 694 16
1174 628 1209 695 16
1228 648 1341 697 6666-

220 733 364 818 plaribus
380 725 582 815 conblpmcr
605 730 801 813 invenisset,
825 730 951 795 videtur
974 733 1162 816 suscepisse
1182 732 1341 822 6666616.

221 858 321 918 cerm,
350 844 435 900 teste
466 832 578 899 sonet
612 831 654 897 A.
685 831 722 897 ln
760 834 854 899 buius
884 835 977 899 verbi
1009 845 1043 899 et
1070 836 1217 901 similiter
1231 840 1234 845 '
1249 858 1342 905 eorn-

220 942 401 1028 positerum
421 958 485 1005 usu
506 936 639 1003 Homeri
659 935 733 1001 libri
754 936 818 1003 sibi
845 956 911 1002 non
932 949 1093 1005 constant.
1128 938 1170 1009 V.
1192 942 1342 1011 Dirutaer

221 1045 272 1110 lle
289 1043 507 1125 Zenodotop
526 1040 579 1122 69,
603 1058 698 1124 6666
719 1041 814 1104 ctiam
840 1062 869 1107 v
891 1062 923 1125 p
938 1042 991 1124 66
1015 1041 1057 1107 66
1078 1044 1214 1111 Aeolica
1232 1046 1341 1115 forma

221 1149 355 1234 φλίβεται
376 1146 495 1232 06666.
509 1166 538 1229 ρ,
549 1144 610 1211 991
635 1162 655 1211 6
675 1145 797 1209 crrtrcrs
818 1145 852 1209 in
873 1146 1006 1227 9116666
1026 1158 1163 1215 mutata.
1169 1150 1340 1237 61666166·

220 1264 296 1318 tem.
351 1249 429 1315 lude
463 1250 559 1313 etiam
591 1248 876 1333 grammaticorum
908 1254 1131 1351 controversia
1162 1266 1239 1321 nata
1273 1268 1338 1341 est,

220 1358 412 1423 rectiuene·
406 1353 613 1421 scriberctur
641 1351 853 1435 11166648
882 1353 1030 1436 bicornia,
1063 1376 1154 1423 more
1186 1360 1338 1447 Ae'nlico,

220 1484 261 1529 66
285 1463 432 1542 burco«,
465 1466 599 1523 notante
628 1455 739 1523 Sebol
773 1457 833 1522 A.:
867 1458 984 1543 quibus
1020 1459 1062 1525 66
1094 1460 1207 1531 formis
1240 1465 1339 1533 docte

220 1587 325 1652 nuper
352 1564 504 1648 exposuit
531 1561 700 1645 Rumplius
731 1561 750 1625 1.
773 1561 795 1625 l
818 1583 851 1646 p.
875 1563 987 1648 1666.
1031 1565 1178 1632 Auctore
1206 1571 1340 1653 6611661-

220 1692 311 1737 666
333 1666 535 1749 Aristarcho,
555 1684 654 1750 ,quem
678 1666 819 1730 rariores
843 1666 1053 1733 dialectorum
1070 1670 1191 1737 formas
1212 1674 1255 1738 ab
1270 1672 1339 1741 llo-

219 1794 310 1841 mero
334 1791 450 1858 66666
480 1791 554 1835 666
576 1769 751 1836 severitate
780 1770 962 1837 exclusisse
983 1771 1139 1840 observat
1166 1774 1338 1862 11666666

219 1880 240 1945 1
263 1878 415 1963 1699,
449 1873 585 1957 expulsa
615 1882 667 1939 est
698 1874 833 1941 Aeolica
864 1877 1026 1960 scriptura
1055 1878 1175 1965 Odyss.
1205 1882 1337 1967 66616,

219 1993 303 2049 teste
324 1980 508 2047 Scholiasta
528 1976 635 2061 Harl,
669 1979 763 2043 cuiue
786 1980 886 2045 verba
909 1978 1040 2068 ¹integra
1071 2004 1157 2049 nunc
1177 1984 1337 2053 babemus

218 2089 251 2152 16
270 2085 419 2153 Grcmcri
447 2083 574 2149 Anecd.
601 2081 705 2147 Paris.
733 2080 771 2147 ’1.
801 2085 856 2147 ΙΙΙ.
878 2104 911 2167 p.
940 2086 1029 2151 480:-
1069 2083 1192 2173 lncrip
1213 2088 1337 2177 666666]

210 2188 299 2257 ν11666
318 2187 416 2276 χωρὶς
434 2182 1003 2273 661(αῆ,ὡς,,6κραῆΖέφυρον“
1026 2187 1235 2278 [116616.
1256 2186 1338 2262 1661

219 2291 269 2362 οὖν
287 2289 472 2362 1116666666
489 2288 601 2376 parler,
620 2288 795 2357 661166ιαῦ
796 2290 830 2357 τὸ
842 2288 991 2369 Alcime<
1001 2293 1191 2381 6666166961,
1201 2294 1308 2373 uteri

236 2426 240 2455 :
394 2392 618 2481 ·clturubq⁴)
604 2386 755 2480 recepte
778 2393 929 2482 ἐπόψομαι
1078 2428 1103 2457 ;-
1166 2434 1170 2441 -

217 2501 301 2591 rupi
311 2498 513 2588 ’,16661666
535 2496 605 2566 ill
617 2493 821 2585 Ἀρ1σταρχός
841 2522 916 2586 φησι
935 2506 1147 2647 6666666696,
1167 2472 1232 2573 661·
1238 2450 1339 2643 ebena·

215 2607 316 2693 ixu‘
300 2632 323 2694 6
343 2603 517 2692 mesonca
609 2620 612 2625 '

300 2711 434 2798 Zopyri,
444 2711 487 2777 ad
498 2730 595 2796 quem
606 2708 717 2791 redeo,
733 2728 833 2793 6666
845 2712 910 2775 666
920 2682 1127 2779 Scholicrum
1138 2714 1227 2799 loeo,
1237 2736 1337 2803 quem

215 2819 435 2903 apposuimus,
456 2826 607 2901 excepto,
631 2814 688 2880 ulii
705 2813 833 2880 draleotr
843 2814 1001 2881 Aeolroae
1013 2818 1213 2906 raucaeque
1224 2818 1336 2887 bubrta

215 2932 265 2989 eet
278 2942 383 3007 66666
396 2920 509 2984 baberi
522 2929 659 3004 poterat,
682 2938 840 3004 nusquam
861 2921 981 2986 mentio
998 2906 1083 2989 fecta
1101 2922 1156 3009 ait,
1174 2924 1336 2993 absonum

214 3026 318 3091 videri
339 3044 426 3090 6666
457 3022 571 3106 debet,
606 3024 640 3088 in
669 3024 804 3089 formam
826 3024 1004 3110 inquirere,
1040 3046 1104 3113 qua
1125 3024 1335 3097 ’6666166666

213 3128 347 3201 llomeri
369 3128 512 3195 carmina
539 3127 676 3214 singulis
698 3126 882 3214 quibusque
910 3126 992 3195 locis
1021 3129 1173 3215 Zopyrus
1199 3152 1336 3215 pracce-

213 3234 320 3318 perite¹
337 3231 425 3318 6666
447 3252 523 3300 666
542 3233 662 3299 fecisse
684 3251 733 3297 66.
747 3230 904 3297 credibile
926 3232 1056 3317 quidem
1074 3244 1135 3301 est.
1169 3234 1333 3305 8116666

213 3336 333 3423 6116616
344 3335 517 3402 divinando
530 3335 787 3421 periclitandum,
808 3335 841 3398 16
854 3336 1031 3420 6666611166
1052 3338 1161 3404 afferri
1171 3339 1334 3427 digamma

213 3450 332 3527 potest,
355 3439 444 3527 quod
465 3440 647 3526 scripturae
669 3438 806 3505 voluerit
820 3438 1036 3506 vindicatum:
1057 3450 1126 3507 tum
1143 3443 1231 3529 6666
1256 3464 1333 3513 curn

213 3564 362 3613 conexu
384 3542 525 3631 quodam
547 3554 685 3628 tenetur,
719 3540 852 3629 psilosis
878 3543 933 3609 illa
963 3543 1109 3632 Aeolica,
1144 3546 1185 3613 66
1212 3569 1277 3636 666
1300 3570 1331 3618 v.

212 3650 344 3719 Abrem
372 3672 407 3737 p.
430 3648 482 3717 19.
514 3669 563 3735 66.
593 3638 635 3713 et'
658 3648 722 3713 6116
754 3646 867 3713 similis
899 3651 1040 3736 6666616.
1088 3650 1178 3735 Nem¹
1200 3654 1332 3721 tametsi

213 3755 320 3821 omnia
341 3756 424 3821 baec
452 3754 486 3819 in
508 3753 693 3819 coniectura
722 3753 829 3835 posita
850 3764 937 3837 sunt,
967 3765 1076 3820 tamen
1104 3774 1180 3847 eum
1208 3758 1265 3845 qui
1297 3758 1332 3825 16

211 3856 355 3924 Homero
368 3856 523 3923 Aeolicae
539 3855 666 3921 dialecti
676 3857 908 3940 proprietatem
921 3859 1057 3944 agnosci
1068 3858 1176 3944 vellet,
1190 3878 1332 3929 necesse
1366 3854 1372 3863 '

211 3970 264 4027 cst
297 3972 475 4028 statuamus
507 3960 552 4025 ita
572 3959 753 4044 iudicasse,
789 3970 824 4025 ut
845 3961 901 4026 ubi
922 3961 993 4026 lieri
1014 3972 1160 4049 poteret,
1191 3962 1331 4033 Aeolica

210 4058 363 4133 idiomata
375 4075 616 4133 revocarentur.
640 4062 801 4151 Quocirca
816 4084 881 4131 non
895 4074 1023 4153 poterat
1038 4084 1104 4134 non
1120 4068 1153 4135 in
1166 4068 1328 4155 principio

261 4226 1114 4369 60666666666666666
