2902 4822
593 432 679 512 31η.

78 633 149 700 Ηοο
182 635 290 718 posito
321 631 456 717 contigit
488 648 618 715 quoque
647 629 711 692 vim
736 626 894 692 residuae
923 625 1072 691 lectionis
1102 622 1196 690 tutto

78 738 130 802 vet
156 737 251 802 livido
279 755 484 821 pernoscere.
527 733 689 799 Laudatur
711 731 836 798 scilicet
864 730 1053 796 Aristoxeni
1081 732 1192 796 auoto²

77 843 155 906 ritas
187 843 363 906 sententiae
392 839 629 905 confirmandae
657 839 760 924 gratia
783 856 911 918 eorum,
945 837 999 922 qni
1028 836 1061 899 in
1082 836 1192 900 iecore

77 942 261 1008 Promethei
290 964 308 1008 a
332 942 460 1008 vulture
490 942 632 1007 lacerato
654 942 825 1026 maginem
852 938 964 1004 livoris
998 938 1086 1024 pingi
1103 937 1193 1002 'arbi-

78 1048 152 1111 trati
174 1048 247 1117 sint.
277 1046 384 1130 Quum
404 1048 468 1111 iam
491 1046 577 1131 apud
599 1047 830 1112 Aristoxenum
853 1055 1006 1132 appareat
1028 1045 1069 1110 de
1089 1043 1194 1109 livore

79 1154 148 1217 sive
177 1153 295 1217 invidia
327 1163 435 1217 actum
456 1172 551 1235 esse,
585 1170 651 1216 non
673 1161 782 1237 potest
803 1170 868 1217 non
890 1153 924 1216 in
951 1149 1047 1216 livido
1075 1149 1206 1236 probas

79 1257 152 1322 bilis
186 1257 282 1323 tectio
314 1259 434 1342 videri,
470 1260 604 1341 insuper
633 1269 666 1322 et
695 1257 905 1323 corroborata
936 1267 968 1321 et
997 1258 1032 1321 i'n
1060 1254 1197 1320 eandem

80 1381 196 1427 sensus
229 1365 385 1427 rationem
414 1363 573 1447 explicata
605 1376 622 1428 a
653 1361 837 1449 glossatore
858 1360 1019 1425 Leidensi.
1061 1356 1145 1423 Tum
1167 1358 1198 1422 si

79 1467 161 1532 hano
184 1467 314 1550 phrasin
336 1470 380 1532 ita
413 1469 627 1551 accipiamus,
662 1479 697 1532 ut
730 1479 992 1552 argumentorum
1021 1468 1196 1548 variorum,

81 1590 164 1653 quae
186 1571 403 1637 Aristoxenus
436 1573 469 1635 in
491 1570 730 1636 Sententiarum
762 1569 844 1633 libro
873 1569 1069 1652 tractaverit,
1105 1567 1206 1647 loeus,
1279 1651 1281 1656 Ι

80 1693 164 1736 unus
186 1694 224 1737 ea
247 1675 454 1760 significetur,
477 1675 510 1739 id
531 1675 663 1740 mirifice
675 1675 811 1760 quadrat
829 1674 870 1738 ad
886 1679 1032 1757 termam,
1056 1692 1120 1758 qua
1136 1671 1200 1734 iste

79 1775 162 1839 liber
184 1781 382 1862 compositus
406 1780 543 1843 videtur.
587 1778 714 1843 Etenim
742 1780 921 1865 fragmenta
950 1779 1060 1862 operis
1094 1775 1201 1841 consi·

82 1878 217 1963 deranti,
241 1901 305 1944 non
327 1893 436 1966 potest
459 1883 593 1947 dubium
616 1903 712 1965 esse,
746 1885 823 1968 quin
845 1885 887 1948 ita
917 1883 1000 1948 liber
1022 1880 1200 1965 dispositus

82 1984 186 2065 fuerit,
210 1995 244 2049 ut
266 1988 413 2072 singulae
434 1990 597 2072 materiae,
622 2009 705 2073 quae
736 1999 827 2052 erant
855 2008 895 2054 ex
921 1988 1066 2053 doctrina
1088 1983 1202 2051 morali

83 2100 115 2153 et
136 2089 264 2173 politica
288 2104 426 2177 sumpta,
460 2095 599 2158 seorsim
622 2096 717 2158 etita
741 2094 870 2178 quidem
893 2104 1048 2159 tractatae
1080 2099 1202 2173 essent,

83 2204 117 2256 ut
142 2196 284 2260 auctoris
307 2196 423 2279 placita
447 2197 488 2261 de
506 2197 633 2283 singula
650 2219 778 2284 quaque
794 2201 926 2264 materia
945 2199 1082 2286 singulis
1101 2197 1203 2262 norni-

82 2297 176 2363 nibus
207 2300 277 2363 sive
310 2301 410 2366 titulis
440 2302 586 2367 subiecta
613 2315 863 2389 exponerentur.
907 2303 1094 2370 Secundum
1121 2303 1209 2369 hane

84 2408 193 2489 operis
216 2407 350 2472 formam
365 2407 582 2474 Aristoxenus
602 2429 665 2474 uno
685 2411 790 2493 capite
815 2409 856 2474 de
878 2409 1051 2496 cupiditate
1072 2409 1139 2495 egit
1157 2406 1211 2490 (v.

84 2509 189 2575 Mahn.
214 2532 243 2594 p.
255 2512 324 2594 98),
347 2511 411 2576 aiio
434 2512 474 2578 de
495 2512 690 2578 instituenda
712 2515 869 2579 iuventute
891 2514 937 2596 (ν.
951 2512 1049 2577 Mahn
1066 2532 1098 2598 p.
1112 2512 1202 2595 tot),

84 2616 146 2680 alio
159 2615 199 2680 de
208 2618 330 2701 pietate
342 2618 535 2702 perentibus
548 2618 731 2707 lepidaeque
747 2619 855 2686 dedita
871 2627 917 2698 (v.
937 2619 1046 2688 Mahn.
1063 2640 1094 2705 p.
1112 2619 1202 2703 104),

84 2721 147 2786 alio
170 2720 210 2786 de
233 2720 403 2786 dberorum
419 2725 647 2808 procreatione
677 2727 722 2807 (r.
745 2724 854 2792 Mahn.
882 2746 913 2810 p.
938 2726 1036 2809 107),
1070 2722 1134 2789 aiio
1163 2721 1213 2788 de·

78 2828 219 2910 stretona
240 2838 287 2902 (v.
309 2827 417 2894 Mahn.
440 2851 472 2914 p.
496 2831 585 2910 109).
628 2828 718 2894 Haec
741 2831 770 2894 si
791 2831 835 2894 ita
857 2829 988 2911 habent,
1022 2827 1110 2914 quod
1132 2825 1204 2912 plu-

84 2931 173 2996 ribus
205 2952 269 2997 non
297 2952 381 3017 opus
412 2935 581 3020 persequi,
616 2935 727 3020 quidni
757 2935 852 2998 etiam
882 2932 1036 2999 matidiam
1064 2934 1212 2999 seorsim·

85 3047 223 3102 tractare
246 3037 371 3122 potuit?
402 3039 490 3124 quod
513 3049 611 3123 caput
640 3040 669 3104 si
690 3061 721 3103 v.
745 3058 775 3106 e.
805 3035 873 3123 περὶ
903 3047 954 3104 τοῦ
985 3042 1134 3124 φθονεροῦ
1153 3038 1201 3101 iu·

84 3144 240 3226 seriptum
269 3164 454 3229 sumamus,
485 3155 572 3228 patet
606 3165 671 3231 quo
694 3164 795 3209 sensu
816 3144 1005 3232 Fulgentius
1037 3146 1072 3211 in
1093 3142 1201 3226 tivido,

83 3245 239 3329 perplexo
260 3264 323 3310 suo
344 3246 499 3333 loquendi
520 3268 622 3332 more,
644 3249 822 3333 scripserit.

170 3558 275 3642 Quem
304 3559 467 3624 Ammonii
493 3560 601 3627 loeum
630 3583 672 3627 ex
702 3560 888 3627 Aristoxeni
917 3558 1030 3648 Νόμοις
1050 3563 1200 3628 παιδονο-

82 3673 146 3740 sot<
166 3665 284 3731 Mahne
306 3688 339 3750 p·
361 3667 433 3731 125.
466 3666 558 3732 affert
580 3668 621 3733 de
644 3668 829 3733 discrimine
851 3663 954 3742 αἰδοῦς
987 3677 1019 3733 et
1047 3663 1201 3753 αἰσχύνης,

83 3790 156 3834 eum
176 3791 251 3835 cum
273 3771 380 3856 aliqua
401 3770 548 3837 lectionis
571 3775 727 3838 varietate
750 3792 791 3837 ex
813 3772 887 3841 cod.
916 3771 1056 3839 Serbon.
1078 3776 1203 3860 profert

82 3872 284 3943 Gaisiordius
308 3877 350 3942 ad
372 3874 481 3943 Tzetz.
503 3877 545 3943 ad
567 3876 703 3944 Hesiodi
721 3877 782 3962 Op.
811 3878 883 3944 192.
927 3876 994 3943 Sed
1015 3878 1113 3968 longe
1133 3876 1206 3952 ma}

81 3994 152 4055 iore
181 3979 229 4043 rei
260 3979 440 4047 differentia
461 3983 651 4048 Aristoxeni
683 3984 845 4048 sententia
878 3978 1019 4049 refertur
1052 3984 1201 4058 aSchol

81 4082 246 4168 Euripidis
279 4088 330 4152 ed.
362 4087 478 4155 Beckii
510 4088 548 4157 T.
582 4089 634 4154 ΙΙΙ.
664 4111 694 4173 p
717 4091 781 4156 40:
817 4085 917 4165 atto<
950 4087 1007 4178 γάρ
1039 4089 1125 4181 ἔστιν,
1156 4098 1201 4177 ὥς

83 4210 156 4272 φησι
171 4183 415 4273 Ἀριστόεονοςὸ
445 4190 596 4278 μουοικό,ς
623 4191 644 4278 ἡ
674 4186 718 4257 ee
742 4189 906 4277 ἀγαθοῖςβ
908 4194 1015 4264 usui
1036 4199 1218 4290 ὑποστολή,

82 4287 207 4379 αἰσχύνη
229 4287 265 4361 tt
287 4289 404 4367 trev
386 4293 464 4383 ηέε
491 4293 625 4383 αἰσχρῶν
645 4292 825 4384 cumprime
852 4292 988 4470 ἅομξίι)
978 4301 1030 4372 καὶ
1056 4292 1195 4392 meapte
