2902 4822
684 459 768 541 291.

172 661 333 728 Auecdoti
341 660 468 726 dicatur
476 659 642 745 quaerenti
652 657 738 723 haud
750 658 856 725 haheo
867 655 959 722 aliter
968 653 1169 738 mspcndcrs
1187 644 1282 738 otram

170 767 383 850 perincertum
402 764 477 828 mihi
494 763 624 849 quidem
640 762 755 847 videm,
772 763 910 828 istorum
925 778 967 827 ou
982 755 1067 825 ullus
1079 757 1216 844 intelligi
1225 757 1284 821 de*

169 871 255 950 beat,
271 888 369 954 quum
381 867 488 932 nullus
497 868 570 932 eius
582 867 737 952 temporis
749 860 943 932 uetustatem
955 858 1290 949 affingerevldoatu'm

169 995 235 1062 quo
249 973 378 1059 quidem
391 970 608 1037 credibileuet
618 969 811 1036 Nicanorem
825 990 899 1036 eum
914 969 1046 1052 vixisse,
1062 984 1158 1053 quem
1169 975 1290 1032 auctor*

169 1079 330 1144 Anecdoti
352 1086 601 1142 commemorata
634 1076 731 1141 adde·
743 1075 841 1162 quod
863 1093 927 1139 res
941 1072 1132 1139 Homericae
1151 1080 1290 1156 ιιιιιοιοι

169 1194 334 1306 auctorem
356 1180 463 1246 ilem·
469 1181 738 1266 interpunctionis
760 1189 919 1246 tractasse
938 1168 1048 1243 nullut
1068 1176 1280 1243 tradituri

668 1328 697 1395 t
719 1319 773 1386 89
1063 1394 1067 1401 .

459 1447 513 1503 De
548 1443 705 1525 cratete
735 1414 1018 1524 grammatico.
1040 1415 1065 1425 Ἰ

247 1544 407 1643 Nicanori
426 1563 609 1651 adiungitur
632 1560 767 1646 Crates,
801 1563 895 1633 cuius
925 1562 966 1627 de
994 1559 1163 1645 Heliconia
1182 1516 1292 1629 Iliade

167 1671 326 1753 sententia
349 1669 454 1754 deque
478 1667 608 1747 divorso
630 1667 728 1753 huius
748 1666 908 1755 principio
930 1665 1062 1737 lemur
1052 1690 1090 1753 ιιι
1108 1665 1293 1743 Auocdoto

166 1774 292 1843 Rom.
281 1796 315 1839 ιιι
336 1771 547 1847 Dionthoticis
567 1772 741 1856 proposita
759 1791 847 1854 esse,
868 1791 910 1837 ιιο
931 1772 1049 1843 meritc
1067 1748 1207 1841 iudicata
1224 1791 1292 1856 pti-1

166 1881 241 1944 terit
261 1879 371 1954 fuisse
393 1877 489 1941 iniis
509 1877 742 1942 controversiis
760 1872 967 1961 ¹Homericis,
994 1875 1035 1941 de
1063 1875 1184 1963 quibus
1203 1875 1283 1945 Cra

166 1992 264 2048 tetem
281 1983 365 2048 iuter
380 1990 413 2047 et
426 1981 649 2055 Aristarchum
664 1982 737 2047 sive
752 1980 894 2047 oreasive
912 1980 1044 2065 scriptia
1058 1981 1203 2059 ssulatim
1217 1979 1283 2049 dis·

167 2097 330 2170 captatum
350 2107 426 2153 esse
449 2096 585 2152 constat
620 2082 661 2150 V.
672 2082 842 2171 Wegeuer
861 2073 946 2151 Auta
968 2080 1109 2167 Attalica
1121 2083 1151 2164 l..
1163 2104 1195 2168 p.
1206 2084 1292 2155 118..

166 2210 217 2276 sq.
261 2189 364 2274 Quam
387 2188 526 2257 Cratetis
548 2191 740 2259 senteutiam
760 2210 861 2278 quum
881 2187 1294 2267 Aristaroltttmuumimus.

166 2295 313 2377 protinus
335 2294 554 2381 improbasse,
587 2295 657 2385 eius
684 2296 718 2375 iu
746 2292 888 2367 Schuliis
906 2295 952 2381 A
971 2294 1129 2377 rationem
1142 2294 1295 2378 ,omuino

166 2417 232 2463 ιιοιι
252 2397 366 2463 haberi
394 2400 458 2464 iam
486 2418 553 2465 non
575 2401 768 2467 mirabimur.
813 2399 945 2465 Poterat
959 2466 962 2472 ,
976 2417 1057 2472 uero
1078 2397 1193 2481 etiam.
1209 2396 1292 2473 llius.

166 2500 238 2566 dem
260 2501 346 2567 illam
369 2501 574 2575 Heliconiam
599 2505 713 2589 utique.
731 2503 942 2570 Aristarchus
964 2503 1125 2588 ignorare,
1155 2501 1290 2587 sciboeo

165 2605 197 2669 in
230 2607 357 2681 scriniis
391 2605 630 2673 Alexandrinae
662 2608 880 2696 bibliothecae
914 2600 991 2679 cum
1027 2605 1099 2683 aliis
1134 2617 1291 2691 vater-amr

166 2710 403 2794 exemplaribus
428 2711 580 2788 fortasse
598 2711 833 2794 desideratam,
865 2730 948 2799 quae
979 2710 1113 2797 quidem.
1138 2712 1180 2777 iu.
1201 2710 1279 2801 Par,-

165 2834 301 2898 gameua
330 2815 489 2899 reposita,
522 2815 699 2880 industriae
729 2815 1020 2881 Alexandrinorum
1048 2837 1086 2881 se
1116 2815 1279 2881 suhduxc.

165 2927 253 2980 rant:
288 2916 391 3005 qualis
421 2938 453 2982 v.
484 2937 512 2983 c.
545 2918 654 2984 fabula
676 2938 739 2984 una
762 2917 1011 3002 Aristophauica
1040 2918 1117 3003 suit,
1152 2918 1193 2983 de
1216 2939 1278 3004 qua

165 3021 287 3085 monuit
309 3019 477 3106 Wegeuer
499 3043 529 3105 p.
554 3023 626 3086 127.
672 3020 713 3088 Ut
743 3022 825 3089 haec
852 3008 1035 3106 mittamus,
1064 3042 1130 3099 uon
1152 3032 1279 3107 peterat

164 3124 224 3188 ista
258 3122 414 3212 Cratetis⁴
437 3126 596 3190 sententia
622 3127 764 3212 aptiore
797 3124 871 3190 loco
912 3144 1009 3212 quam
1047 3127 1081 3190 iu
1114 3127 1278 3214 Arupium-

163 3235 237 3310 κῶν,
261 3236 336 3292 octo
358 3228 411 3292 vel
432 3248 549 3295 novem
571 3229 663 3296 libris
684 3228 990 3315 comprehensorum
1012 3230 1277 3316 cherampum,
1384 3280 1386 3285 s

165 3330 252 3416 quod
275 3330 437 3403 diversum
460 3353 525 3400 ιιοιι
548 3345 598 3400 est
625 3355 644 3403 a
676 3332 827 3419 btdpiioct
851 3326 980 3409 Ἰλιάδος
1011 3332 1062 3401 καὶ
1089 3329 1277 3416 Ὀδυσσείας,

165 3455 249 3519 quae
270 3444 391 3499 tantum
413 3437 507 3503 abest
536 3448 590 3522 ut,
624 3439 712 3524 quod
743 3437 827 3504 olim
842 3447 995 3521 putarunt
1008 3439 1178 3523 nonnulli,
1201 3458 1277 3504 con·

164 3549 286 3603 textum
316 3541 492 3617 carminum
521 3539 771 3610 Homerioorum
800 3538 970 3606 aCratetc
1003 3543 1213 3638 constitutum
1245 3541 1277 3605 in

163 3643 297 3708 sormam
320 3642 471 3710 editionis
493 3644 565 3710 eive
585 3636 788 3713 recensionis
810 3644 1005 3729 exhibuerit,
1026 3655 1061 3713 ut
1082 3636 1277 3715 commenta·

163 3747 228 3814 rios
251 3747 457 3830 continuerit,
492 3749 609 3835 quibus
633 3769 717 3835 quae
746 3749 788 3815 ad
809 3749 942 3814 Homeri
969 3749 1068 3819 verba
1091 3750 1145 3837 vel
1166 3750 1277 3814 critica

163 3852 284 3916 ratione
307 3851 533 3917 constituenda
556 3851 608 3916 vel
629 3851 818 3921 illustranda
840 3852 903 3919 sihi
924 3853 1107 3925 adnotanda
1120 3830 1277 3933 uideren-

162 3963 221 4043 tur
244 3965 469 4041 proposuerat
516 3955 619 4039 Quam
652 3957 761 4041 operis
796 3956 928 4035 Cratetii
957 3957 1159 4025 incolomes
1174 3944 1277 4025 natio·

162 4075 237 4121 nem
265 4046 471 4169 Weg'encrus
505 4069 593 4127 recte
627 4061 792 4143 constituit
824 4084 857 4146 p.
889 4060 970 4148 124,
1006 4059 1151 4147 1)·ἰ(1ο·ιιι“
1181 4060 1277 4128 simul

215 4230 242 4294 1)
262 4226 293 4280 si
316 4244 367 4299 pro
390 4235 476 4305 certo,
499 4237 530 4285 ut
553 4230 683 4296 arbitror,
710 4233 780 4287 susti
805 4232 1044 4304 substentetis
1052 4226 1223 4303 Μαίη
1248 4237 1276 4284 ct

265 4315 437 4374 diorthotica
461 4317 534 4373 idem
561 4333 630 4394 opus
652 4317 754 4388 luisse,
781 4323 862 4378 edam
885 4313 1037 4378 molestior
1052 4292 1201 4394 scrupulus
1227 4317 1275 4374 ille
