2902 4822
626 450 712 532 145-

266 641 330 712 ἀλλ’
354 641 396 720 εἰς
417 641 500 712 οἷιιον
521 644 667 712 inesarci
690 655 800 733 σαυτῆς
821 642 897 732 ἔργα
917 642 1038 733 κόμιζε,
1103 671 1105 674 ·
1217 661 1218 666 ’

264 749 349 817 ἱστόν
367 744 389 814 τ’
413 747 565 834 ἠλακάτην
586 772 627 832 τε,
650 748 701 816 οιαὶ
722 748 914 835 ἀμφιπόλοισι
935 749 1061 818 ιιέλεοεὲ

264 857 351 940 ἔργον
375 852 566 938 ἐποίχεσθαι·
587 851 718 937 πόλεμος
741 847 767 916 δ’
789 855 927 939 ἄνδρεσσι
949 852 1086 942 μέλησενΙ

265 954 364 1039 πᾶσιν,
386 954 452 1041 ἐμοὶ
474 956 508 1022 δὲ
530 954 665 1041 μάλιστα,
688 955 732 1022 τοὶ
748 952 831 1043 Ἰλίῳ
854 956 1032 1042 ἐγγεγάασιν.
1103 991 1105 995 ¹
1171 947 1174 956 ’

112 1062 221 1128 Sahal.
244 1063 285 1127 A.
307 1058 448 1144 τέσσαρσι
470 1061 581 1144 στίχοις
603 1061 674 1143 ἑξῆς
695 1057 862 1144 ἀστερίσκοι
883 1061 1080 1148 παράκεινται,
1110 1063 1155 1131 ότι
1174 1073 1224 1133 νῦν

115 1165 165 1250 μὲν
199 1162 303 1250 ὀρθῶς
329 1173 436 1229 κεῖνται
470 1160 522 1227 καὶ
559 1163 703 1248 πρὸτῆς
732 1167 985 1249 μνηστηροφονίας
1016 1168 1152 1255 [Odyss.
1189 1187 1223 1254 φ,

114 1268 207 1354 350],
236 1266 265 1333 ἐν
288 1266 322 1332 δὲ
353 1269 438 1352 aih
465 1262 608 1352 ραψωδίᾳ
635 1274 688 1350 τῆς
715 1260 896 1343 Ὀδυσσείας
927 1268 1086 1356 [356-9]
1119 1269 1225 1337 aditu

116 1373 168 1438 Ad
190 1371 468 1456 huncOdysseae
496 1369 603 1433 locum
637 1368 747 1434 Schol.
771 1373 882 1436 Amhr.
912 1367 983 1439 Ἐπὶ
1010 1382 1061 1440 τοῦ
1077 1372 1225 1460 Ἕκτορος
1247 1417 1249 1421 ν

116 1474 274 1561 εὐπρεπῶς
292 1471 376 1557 εἶχον
398 1473 426 1538 οἱ
448 1474 543 1556 στίχοι
564 1473 641 1557 πρὸς
658 1467 868 1558 Ἀνδρομάχην
897 1473 946 1559 [il.
971 1480 997 1559 ζ,
1020 1477 1099 1563 490]
1123 1477 1173 1545 καὶ
1195 1476 1225 1544 ἐν

114 1579 267 1665 τῇτοξείφ
287 1587 346 1643 τῶν
369 1577 542 1661 μνηστήρων
566 1575 641 1660 [od.
665 1599 697 1657 φ,
720 1576 811 1662 350].
844 1578 925 1643 Ἰὀιιι
947 1583 1033 1645 idem
1048 1603 1120 1647 cum
1134 1581 1224 1647 Harl.

111 1679 311 1767 Ἀρίσταρχος
334 1681 367 1746 δὲ
389 1678 497 1761 ἀθετεῖ,
521 1680 635 1765 ἄμεινον
657 1676 752 1760 λέγων
775 1679 882 1757 αὐτοὺς
902 1685 981 1767 ἔχειν
1004 1682 1033 1749 ἐν
1052 1679 1156 1750 Ἰλιάδι
1176 1681 1228 1750 καὶ

116 1785 204 1872 tari
225 1786 323 1871 τοξείᾳ
343 1793 402 1849 τῶν
425 1784 606 1868 μνηστήρων.
650 1783 707 1847 lsai
728 1785 826 1869 igitur
848 1782 1016 1871 Odysseae
1045 1788 1119 1853 lucc
1142 1800 1227 1854 aste·

116 1891 191 1954 risci
215 1909 287 1952 cum
311 1888 413 1952 obelis
436 1889 555 1970 appicti
579 1897 680 1951 crant.
714 1923 757 1934 —-
785 1885 853 1951 Sed
885 1890 938 1953 hic
967 1891 1064 1955 finem
1099 1893 1225 1976 faciam,

116 2011 215 2077 quum
237 1991 393 2055 addidero
416 1997 535 2054 novum
559 1992 628 2054 eius
644 1993 819 2056 notationis
839 1995 1021 2078 exemplum
1043 1997 1227 2060 accessisse

117 2117 157 2159 ex
179 2095 295 2159 codice
317 2093 397 2159 Ven.
431 2114 518 2158 nunc
540 2094 667 2158 demum
698 2097 880 2158 accuratius
913 2095 1031 2161 collato
1063 2098 1228 2184 diligentia

116 2198 300 2283 Pluygersii
330 2219 362 2281 p.
397 2199 428 2262 8.
473 2196 623 2261 Ceterum
655 2199 689 2261 in
711 2209 779 2263 tuto
812 2199 908 2264 huius
938 2201 1022 2285 signi
1051 2221 1114 2265 usu
1136 2220 1229 2265 exer·

118 2303 222 2367 cendu
245 2321 310 2386 quc
330 2303 437 2366 iudicii
457 2303 603 2365 acumine
617 2300 826 2366 Aristarchus
838 2315 986 2367 versatus
1004 2305 1056 2386 sit,
1080 2302 1229 2386 exempla

119 2408 286 2490 proposita
308 2407 388 2469 satis
411 2405 595 2486 ostendunt,
618 2406 805 2487 innumeris,
828 2407 858 2469 si
875 2425 957 2489 opus
975 2408 1149 2488 videretur,
1173 2427 1229 2471 au·

119 2509 236 2594 genda‚
269 2528 405 2594 quorum
429 2508 469 2571 de
491 2510 615 2572 ratione
637 2509 832 2592 summatim,
861 2508 921 2573 sed
953 2522 1042 2575 recte
1074 2510 1230 2575 iudicavit

118 2612 273 2677 Lehrsius
296 2634 327 2696 p.
350 2612 422 2676 358.

123 2738 126 2746 ’
284 2718 285 2721 ¹
618 2766 645 2848 φ.
676 2767 727 2831 sa.

379 2896 429 2951 De
457 2890 661 2964 antisigma
688 2870 917 2950 Aristarchi.
945 2891 971 2964 ¹)

204 3025 410 3092 Anecdotum
431 3016 628 3089 Romanum:
659 3029 705 3109 τῷ
735 3021 769 3088 δὲ
803 3019 952 3105 ἀντίσιγμα
983 3020 1035 3087 καὶ
1061 3027 1106 3108 τῇ
1127 3028 1232 3108 στιγμῇ

122 3124 244 3215 [χρῆται
261 3123 486 3213 Ἀρίσταρχος],
510 3124 577 3192 όταν
608 3126 661 3191 δύο
684 3122 741 3191 ὦσι
763 3123 885 3191 διάνοιαι
915 3125 949 3190 τό
972 3123 1045 3191 adad
1068 3127 1231 3210 σημαίνου-

120 3254 179 3312 σαι,
201 3239 252 3295 τοῠ
274 3239 396 3314 ποιητοῦ
418 3227 601 3315 γεγραφότος
623 3226 803 3314 ἀμφοτέρας,
826 3226 910 3303 ὅπως
930 3230 981 3314 τὴν
997 3226 1099 3315 ἑτέραν
1113 3229 1232 3314 ἕληται·

119 3341 164 3420 aqi
186 3332 219 3397 δὲ
242 3331 343 3420 χρόνῳ
374 3332 423 3399 καὶ
445 3332 474 3399 αἱ
506 3332 559 3411 δόο
589 3330 754 3416 εὑρέθησαν
788 3330 844 3397 οὐκ
874 3329 984 3417 ὀρθῶς·
1004 3335 1137 3418 ἔχουσαι.
1181 3332 1232 3407 Ex

119 3437 171 3501 his
192 3448 281 3521 patet
304 3437 345 3502 ad
367 3437 548 3501 Aristarchi
572 3436 836 3500 consuetudinem
860 3437 1028 3500 referenda
1050 3457 1125 3501 esse
1148 3456 1232 3520 quae

120 3540 248 3603 tradunt
271 3551 303 3604 et
316 3539 520 3604 ,sacedotum
532 3538 607 3604 Par.
630 3549 662 3601 et
673 3538 829 3620 Isidorus,
854 3558 992 3622 querum,
1002 3541 1054 3604 hic
1065 3539 1089 3621 1,
1105 3541 1157 3620 20,
1172 3541 1230 3603 12:

123 3642 171 3705 »θ
195 3643 376 3727 Artisigma
399 3661 471 3705 cum
494 3652 615 3725 puncto
638 3642 813 3725 poniturin
831 3642 870 3717 iis
885 3641 978 3724 loeis,
1001 3642 1055 3705 uhi
1069 3644 1101 3704 in
1116 3642 1232 3705 eudem

119 3766 220 3810 sensu
243 3746 389 3830 duplices
412 3756 488 3809 sunt
509 3763 639 3827 versus,
663 3754 695 3807 et
718 3734 890 3826 dubitatur,
913 3748 967 3829 qui
988 3746 1096 3828 potius
1111 3744 1232 3830 eligen-

120 3849 182 3913 dus
204 3850 275 3912 sitm
322 3847 405 3913 thud
427 3869 459 3931 p.
475 3849 539 3911 87:
566 3847 622 3928 νζ)
645 3848 826 3934 Antisigma
850 3866 924 3911 cum
947 3859 1066 3932 punctu
1088 3849 1232 3932 poneba·

119 3962 183 4035 tur,
207 3971 281 4017 cum
309 3951 456 4017 eiusdem
476 3970 597 4014 sensus
621 3970 737 4014 versus
768 3949 915 4050 duplices
938 3964 1058 4040 essent,
1085 3964 1118 4019 et
1140 3954 1232 4019 dubi·

173 4188 203 4255 1)
222 4185 257 4245 V.
275 4186 433 4244 urateahan
456 4189 475 4248 l.
493 4185 565 4272 hh.
581 4187 616 4246 11.
634 4205 661 4261 p.
680 4191 737 4256 106,
764 4207 836 4262 quae
855 4192 1032 4249 diversarum¹
1054 4211 1184 4267 generum
1205 4199 1233 4247 et

225 4281 384 4349 temporum·
394 4283 469 4344 aaut,
491 4282 522 4332 ut
539 4278 568 4345 ir
586 4283 642 4331 tutu
659 4275 712 4332 hcc
729 4284 888 4348 argumento
906 4281 986 4348 solet,
1002 4284 1171 4339 miscentem.
1229 4309 1234 4316 ·

889 4368 1004 4432 ·10
