2902 4822
761 428 839 505 204

245 625 353 707 quitus
375 633 588 706 conpunctus,
612 621 667 685 Or.
690 624 722 684 in
744 619 901 684 Neaeram
926 641 956 702 p.
983 618 1075 700 1351,
1099 619 1154 683 uhi
1176 639 1264 691 nunc
1284 622 1353 705 qui·

245 726 317 789 dem
341 725 505 810 vulgatur:
531 724 575 798 ὡς
597 724 632 788 δὲ
653 721 830 808 Νέαιρα...
853 718 1003 806 εἰργάζετο
1024 730 1068 808 τῷ
1090 721 1204 807 adpeti
1220 728 1353 808 μισθαρ-

243 830 335 894 νοῦσα
365 838 427 902 τοῖς
456 825 643 911 βουλομένοις
676 824 749 912 αὐτῇ
779 821 958 910 πλησιάζειν.
1003 826 1105 908 Quem
1137 825 1247 891 locum
1277 826 1352 891 olim

244 929 438 1015 ὠβελισμένον
468 929 526 996 ὑπό
555 955 638 997 τινων
666 944 763 1015 atque
795 950 856 1013 pro
888 935 933 1013 τῷ
966 924 1081 1011 σώματι
1110 929 1260 1012 primitus
1291 926 1353 995 itud

243 1044 331 1119 τριῶν
353 1031 548 1119 τροπημάτων
570 1037 724 1118 scriptum
747 1034 845 1117 idque
874 1031 1010 1116 posthac
1035 1052 1108 1096 eum
1139 1031 1193 1096 illa
1213 1032 1354 1099 lectione

243 1118 471 1202 commutatum
501 1159 586 1220 esse,
620 1149 727 1200 narrat
750 1136 972 1221 Hermogenes
1005 1135 1045 1198 de
1068 1135 1179 1201 formis
1202 1137 1354 1203 oratoriis

185 1322 188 1328 .
244 1240 280 1305 ll.
314 1262 345 1324 p.
368 1242 428 1304 391
460 1242 511 1305 ed.
545 1241 667 1306 Genev.
702 1241 796 1304 1614.
841 1239 931 1304 Haec
963 1257 1043 1301 vero
1077 1258 1213 1303 censura
1248 1241 1354 1305 minus
1420 1234 1423 1241 ’

243 1344 345 1408 critici
368 1364 462 1427 quam
487 1345 624 1409 rhetoris
647 1345 798 1408 iudicium
821 1345 916 1427 sapit,
941 1343 981 1405 de
1005 1342 1156 1425 pudicitia
1178 1343 1353 1429 legentium

243 1446 387 1511 solliciti:
411 1457 478 1510 tum
502 1458 551 1512 est
571 1448 623 1511 hic
645 1446 738 1512 locus
761 1450 792 1511 in
815 1450 878 1513 hoc
900 1466 1020 1530 genere
1039 1447 1175 1528 criseas,
1199 1457 1353 1531 quantum

244 1551 396 1632 sciamus,
421 1569 503 1615 unus
527 1561 559 1614 et
582 1551 765 1635 singularis,
789 1572 830 1614 ex
861 1569 926 1634 quo
949 1534 1024 1612 nihil
1047 1550 1080 1611 in
1103 1550 1200 1614 crisin
1223 1549 1354 1615 conclu·

244 1653 314 1735 das,
348 1672 439 1717 more
475 1653 674 1718 Aristarchio
711 1656 926 1718 exercitatam.
981 1652 1060 1716 ltem
1093 1652 1232 1717 alienum
1265 1672 1284 1717 a
1318 1672 1354 1717 re

242 1775 363 1818 censeo
386 1756 474 1837 quod
496 1757 625 1839 saepius
649 1758 735 1839 apud
760 1757 928 1841 Ulpianum
962 1755 1114 1820 inculcari
1139 1756 1270 1820 memini
1293 1776 1354 1839 οη-

242 1857 378 1940 μείωσαι,
412 1858 510 1922 veluti
538 1859 668 1925 Midian.
692 1883 723 1944 p.
747 1863 789 1925 90
811 1861 937 1941 Melea,
962 1869 1027 1922 tum
1051 1859 1139 1944 quod
1161 1858 1353 1925 rhetoricam

243 1970 379 2044 spectat,
403 1973 469 2025 tum
493 1963 581 2047 quod
603 1984 663 2028 nos
687 1985 750 2028 uon
774 1967 860 2048 cogit
884 1964 1027 2048 cogitare
1051 1963 1090 2026 dc
1113 1963 1215 2048 signis
1240 1982 1353 2027 revera

243 2065 382 2148 scriptis.
418 2065 497 2130 ltem
520 2088 601 2151 quae
615 2067 765 2132 Reiskius
788 2068 839 2130 hio
862 2067 926 2130 illic
947 2068 1039 2144 signa
1058 2064 1353 2131 excodiceBavar.

243 2170 364 2252 passim
397 2170 558 2253 adscripta
589 2172 740 2252 enotavit,
774 2169 873 2232 veluti
907 2169 947 2232 ad
978 2190 1024 2233 or.
1058 2169 1099 2233 de
1132 2190 1200 2234 cor.
1224 2169 1353 2253 pem),

243 2273 296 2336 uhi
324 2283 400 2355 post
427 2294 458 2336 v.
492 2272 630 2357 ψήφισμα
662 2274 815 2355 scriptum
847 2271 932 2335 terre
960 2273 1077 2337 dicitur
1110 2274 1203 2364 2>
1226 2271 1282 2337 vel
1304 2280 1350 2351 ζεῖ

242 2375 328 2459 alibi,
365 2376 453 2459 qnod
485 2396 525 2440 ne
561 2388 712 2440 accurate
749 2375 877 2459 quidem
913 2377 1141 2459 transcriptum
1180 2375 1353 2460 suspicor:

242 2499 325 2562 quae
346 2489 469 2543 tantum
492 2480 584 2543 abest
617 2491 652 2542 ut
674 2480 715 2543 ad
738 2480 950 2564 signationem
979 2480 1183 2563 antiquorum
1210 2478 1353 2543 reseran-

242 2590 304 2662 tur,
337 2591 372 2643 ιιι
401 2583 461 2644 nisi
497 2583 530 2644 in
553 2582 678 2646 lusibus
701 2583 889 2662 scribarum,
927 2592 961 2646 ut
982 2582 1051 2645 vult
1073 2581 1204 2647 Bestius
1228 2580 1351 2645 Coram.

241 2682 406 2767 palaeogr.
429 2704 459 2766 p.
482 2685 556 2767 728,
580 2685 725 2750 habenda
748 2699 833 2767 sunt,
862 2685 1002 2769 aliquam
1024 2684 1273 2769 interpungendi
1303 2703 1353 2747 ra·

241 2786 360 2849 tionem
384 2789 572 2870 exprimant.
595 2787 751 2873 Exempla
775 2788 861 2852 dabit
883 2787 1039 2853 Schaeser
1070 2789 1111 2852 ad
1129 2807 1190 2856 or.
1220 2789 1263 2853 de
1284 2784 1352 2853 cor·

240 2910 272 2972 p.
295 2889 369 2972 234,
392 2891 443 2956 28.
466 2890 576 2955 Reisk.

327 2994 438 3060 Placet
460 2996 510 3059 his
540 2996 737 3079 subiungere
762 2996 979 3058 coniecturam
1012 3017 1071 3080 per
1099 2995 1253 3084 ambages
1283 2998 1353 3083 qni-

241 3098 313 3162 dem
337 3099 619 3179 corroborandam,
646 3119 751 3183 neque
782 3110 888 3161 tamen
918 3099 1059 3182 inutiles,
1091 3101 1210 3184 quippe
1233 3100 1351 3187 quihus

240 3221 318 3264 ansa
349 3202 443 3266 detur
473 3201 597 3283 locum,
631 3202 663 3264 in
694 3202 827 3265 historia
859 3201 1087 3267 Demosthenis
1120 3205 1231 3269 critica
1265 3201 1352 3269 hand

239 3303 425 3388 ignobilem,
449 3325 466 3367 a
487 3304 732 3368 Meieronescio
753 3302 867 3387 quade
889 3324 1003 3369 caussa
1022 3314 1178 3388 spretum,
1198 3305 1351 3389 perstrin-

239 3426 327 3490 gere.
351 3404 476 3468 Etenim
497 3427 594 3490 quum
611 3406 696 3490 apud
716 3404 1003 3488 Harpocrationem
1025 3424 1089 3469 non
1101 3406 1208 3472 solum
1228 3405 1351 3490 passim

240 3518 532 3572 commemorentur
547 3508 780 3572 vocabulorum
806 3509 892 3591 apud
911 3507 1161 3572 Demosthenem
1180 3509 1350 3574 obviorum

238 3611 468 3696 explicationes
496 3610 565 3695 (vv,
597 3609 809 3697 chrominnam,
837 3610 1046 3693 διεκωδώνισε,
1082 3609 1286 3698 ἐκδεξάμενος,
1316 3610 1351 3679 ia

237 3715 426 3798 περιουσίας,
448 3712 495 3780 ἐπὶ
527 3709 651 3800 aldgidae,
680 3715 821 3796 ξενίζειν),
843 3715 902 3778 sed
938 3717 1034 3780 etiam
1063 3715 1220 3781 lectiones
1243 3718 1350 3781 variae

238 3828 305 3893 tvv.
320 3816 468 3903 ἀοράτων,
487 3814 635 3899 Ἐλάτεια,
654 3817 816 3903 Μάστειρα,
834 3819 970 3904 σείρινα),
995 3820 1111 3904 quihus
1135 3820 1217 3885 adeo
1236 3840 1350 3885 accen·

238 3935 328 3988 tuum
350 3924 583 4006 discrepantiae
606 3936 638 3987 et
657 3923 904 4007 orthographiae
921 3926 1002 3989 ratio
1021 3926 1158 3989 habetur
1180 3929 1224 4006 (v.
1236 3922 1349 4009 ἀγυιᾶς,

229 4025 386 4109 Ἄνθεια),
418 4038 452 4089 ut
488 4028 690 4092 diversorum
723 4028 952 4110 exemplarium
983 4040 1014 4091 et
1046 4031 1348 4093 commentariorum

237 4130 331 4213 eopia
367 4131 552 4193 necessario
585 4130 639 4193 ille
674 4131 850 4195 instructus
886 4133 990 4214 putari
1024 4131 1150 4214 debeat,
1184 4143 1252 4197 tum
1286 4154 1349 4198 nna

236 4231 384 4299 adiicitur
417 4251 654 4322 nonnumquam
689 4243 850 4299 certorum
886 4235 1088 4321 quorundam
1117 4236 1349 4325 exemplarium
