2902 4822
701 452 756 532 80

173 669 259 732 esse,
287 647 347 714 sed
370 646 413 714 ad
433 648 606 713 notandam
628 644 765 713 alicuius
794 646 944 714 'vocabuli
958 644 961 649 ’
976 638 1208 735 proprietatem
1229 636 1285 718 vel

172 755 269 819 etiam
289 751 506 818 insolentiam:
529 751 575 814 illi
597 753 681 815 enim
704 750 811 816 officio
833 753 1034 821 inverviebat
1063 752 1189 821 obelus.
1231 752 1285 822 va

172 876 234 924 usu
257 856 474 940 posteriorum
495 855 681 920 criticorum
702 876 735 922 ν.
759 861 787 930 3.
814 857 868 921 49.

257 957 440 1044 Supersunt
471 957 536 1023 duo
568 958 633 1023 loci
656 957 828 1043 Homerici,
862 978 945 1045 quos
974 959 1105 1046 quidem
1136 960 1179 1028 eh
1208 961 1284 1028 Ari·

172 1064 331 1148 stophane
360 1073 490 1128 notatos
524 1081 599 1127 esse
632 1063 773 1144 scimus,
818 1084 1009 1148 quamquam
1045 1062 1163 1150 quibus
1195 1066 1283 1135 uoti!
1343 1067 1344 1071 ’

172 1187 252 1232 usus
282 1169 325 1232 sit
346 1167 565 1252 ignoramus..
609 1163 719 1230 Schol.
754 1165 874 1252 Odyss.
906 1168 936 1250 β,
970 1168 1053 1233 313ι
1087 1164 1149 1252 ἐγὼ
1182 1163 1210 1234 ά
1237 1170 1285 1236 irc

171 1272 274 1357 νήπιος
296 1265 352 1356 ἦα]
374 1275 460 1334 τοῦτο
489 1273 658 1352 σημειοῦται
690 1265 925 1354 Ἀριστοφάνης,
957 1267 1003 1337 ὅτι
1023 1268 1110 1338 ἱκανὰ
1135 1271 1190 1359 ἔτη
1212 1269 1283 1359 ἰηι-

172 1372 260 1460 γόνει,
282 1367 333 1458 ἀφ’
358 1367 393 1440 οὗ
416 1370 444 1439 οἱ
465 1378 630 1457 μνηστῆρες
652 1369 852 1457 συνάχθησαν.
875 1373 999 1440 Eadem
1020 1374 1131 1443 Schol.
1154 1377 1186 1442 iu
1202 1375 1283 1445 Cre·

171 1479 251 1543 meri
274 1477 397 1542 Anecd.
419 1475 522 1542 Paris.
544 1474 581 1539 Τ.
603 1476 654 1541 lll.
676 1477 795 1561 pilli.
828 1477 934 1542 Obelo
956 1478 1281 1566 convinctorum,
1351 1533 1356 1539 .

170 1585 268 1648 immo
290 1581 345 1646 tali
368 1578 476 1665 aliquo
498 1581 603 1667 signo,
628 1600 693 1664 quo
715 1580 763 1644 rei
784 1578 921 1658 alicuius
943 1582 1201 1651 inconvenientia
1224 1602 1283 1652 no·

170 1698 307 1752 teretur:
331 1685 382 1750 sin
404 1684 512 1768 obelo,
535 1682 641 1748 malim
664 1702 805 1767 superne
827 1683 992 1767 adpunoto
1017 1703 1076 1772 .:.,
1109 1688 1165 1772 qui
1197 1698 1283 1757 teate

169 1789 295 1856 isidoro
317 1794 346 1865 ς.
368 1787 408 1854 3:
445 1787 593 1872 rponitur
622 1787 656 1849 in
678 1786 727 1852 his
749 1785 791 1850 de
814 1787 931 1870 quibus
960 1788 1141 1876 dubitatur,
1174 1803 1282 1862 utrum

170 1893 240 1959 tolli
261 1893 399 1957 debeant
421 1910 552 1956 necnee
588 1888 625 1955 Si
647 1909 731 1976 quae
753 1890 794 1955 de
817 1890 901 1974 dipla
920 1892 1046 1960 Anecd.
1061 1893 1153 1962 Rom.
1175 1888 1283 1981 oapi

170 1996 419 2084 perscribuntur
451 1995 659 2077 conferimus,
692 2014 732 2059 ea
766 2006 842 2060 nota
874 1998 980 2080 aptior
1010 1997 1168 2066 videatur.
1212 1996 1282 2067 Sed

171 2100 277 2186 diplae
299 2121 378 2166 usus
401 2099 486 2183 apud
508 2098 769 2184 Aristophanem,
803 2108 956 2182 quantum
978 2101 1130 2185 sciamus,
1159 2096 1281 2169 incoru-

171 2217 294 2290 pertus.
339 2202 546 2268 Alterlocus
569 2214 620 2267 cst
642 2199 753 2266 Schol.
774 2201 893 2288 Odyss.
913 2225 941 2285 ε,
964 2203 1042 2270 185ι
1074 2200 1110 2269 τὸ
1138 2201 1281 2309 καταβά-

170 2333 254 2396 ρενον
276 2305 387 2391 Στυγὸς
421 2302 520 2392 ὕδωρ]
554 2300 697 2391 γράφσιαι
729 2300 781 2371 aul
815 2302 940 2390 ὕδατος,
968 2305 1045 2392 πρὸς
1067 2301 1086 2375 ὃ
1108 2303 1281 2393 lemucerine

167 2407 396 2498 Ἀριστοφάνης.
439 2408 514 2475 Non
536 2430 678 2494 versum,
711 2407 770 2474 sed
791 2428 908 2476 versus
930 2423 1054 2496 partem
1077 2412 1279 2497 significavit.

171 2516 344 2582 Videretur
366 2525 401 2578 et
421 2513 474 2580 hic
507 2512 614 2598 diplae
635 2513 728 2577 loeus
751 2511 853 2577 fuisse
886 2533 928 2579 ex
950 2515 1097 2582 doctnrm
1117 2517 1280 2601 posterio-

171 2640 252 2686 rum.
286 2617 436 2685 Omnium
462 2636 542 2682 vere
574 2616 771 2685 tutissimum
803 2616 865 2682 erit
892 2617 926 2683 in
954 2629 1030 2685 nota
1052 2617 1081 2685 G
1101 2620 1205 2707 sigma
1226 2638 1281 2688 ec·

172 2725 342 2810 quiescere
365 2741 404 2786 ea
432 2731 612 2806 potestate,
646 2736 709 2804 qua
731 2735 770 2783 ea
792 2737 888 2788 usum
919 2740 995 2790 esse
1020 2721 1279 2811 'Aristophanen

170 2847 246 2893 mox
268 2823 459 2892 videbimus.

665 2991 694 3064 s.
723 2985 776 3056 25.

267 3108 525 3169 vernemetis
567 3113 800 3173 Graecorum
834 3113 880 3174 ab
912 3114 1180 3192 Aristophane

588 3219 678 3288 Byr.
708 3216 867 3280 notetis.

257 3350 391 3419 Constat
407 3351 504 3436 igitur
523 3349 771 3435 Aristophanem
790 3353 823 3417 in
841 3351 997 3418 tliorthosi
1010 3351 1182 3433 Homerica
1199 3352 1277 3420 ohe·

167 3456 249 3523 lisco
265 3457 336 3521 sive
347 3455 454 3538 obelo,
478 3455 634 3519 asterisco
655 3454 802 3538 simplice
822 3455 1154 3541 eodemqueobelato,
1173 3458 1276 3544 sigma

167 3573 201 3628 et
222 3561 402 3645 antisigma,
427 3558 577 3624 ceraunio
600 3567 689 3622 certe
711 3578 804 3623 usum
828 3580 920 3626 esse:
943 3562 1084 3626 sortasse
1099 3561 1194 3626 etiam
1205 3559 1277 3645 plu·

167 3666 273 3747 ribus,
297 3663 382 3749 quod
406 3683 519 3728 revera
542 3663 661 3726 factum
685 3681 760 3727 esse
782 3682 823 3727 eo
845 3664 971 3729 facilius
989 3664 1078 3730 credi
1100 3663 1187 3745 licet,
1211 3679 1276 3748 que

168 3779 273 3834 aetate
304 3769 374 3832 eius
405 3766 544 3850 plurium
574 3774 723 3829 notarum
756 3785 850 3830 usum
884 3769 1113 3851 percrebuisse
1141 3765 1275 3850 scimus,

167 3883 200 3938 et
222 3890 287 3958 quo
310 3872 491 3936 accuratius
513 3870 620 3952 ipsum
641 3869 673 3930 in
686 3867 800 3932 Alcaei
823 3872 1017 3936 carminibus
1040 3869 1190 3934 notandis
1203 3886 1277 3933 ver·

166 3986 271 4040 satum
293 3975 431 4039 vidimus
454 3979 482 4048 s.
507 3972 558 4036 15.
592 3968 687 4055 Quod
709 3971 853 4038 breviter
873 3974 917 4038 ibi
939 3975 1120 4060 tetigimus,
1141 3971 1177 4036 id
1198 3990 1276 4037 cou-

165 4080 283 4144 tentius
305 4099 391 4144 nunc
412 4074 681 4161 persequendum.
726 4076 842 4142 Mirum
863 4079 949 4141 enirn
969 4076 1197 4160 Aristophanis
1218 4092 1277 4141 oe·

164 4184 239 4249 mici
260 4181 475 4249 Scholiastam
498 4180 540 4245 ad
554 4179 638 4246 Plut.
659 4180 734 4265 253,
756 4181 813 4246 ubi
829 4179 1099 4265 Hephaestionem
1119 4178 1276 4247 exscribit

164 4286 330 4374 verbaque
351 4282 477 4371 cadem,
500 4303 584 4372 quae
604 4283 627 4356 t
647 4283 670 4352 l.
691 4304 792 4372 supra
812 4284 1028 4374 exhibuimus,
1052 4285 1197 4373 apponit,
1229 4283 1275 4351 ite
