2902 4822
715 429 791 506 192

162 661 166 673 =
198 626 377 691 Aristarchi
411 623 600 689 commentis
635 633 828 706 occupatum
870 632 960 687 certo
991 620 1177 686 testimonio
1210 620 1312 685 modo·

154 727 161 742 “
198 728 327 792 laudato
358 730 525 809 novimus,
560 747 632 791 eum
663 727 757 790 etiarn
787 727 873 791 idem
905 729 936 790 in
968 725 1134 810 Sophocle
1167 724 1307 790 notendo

197 831 422 915 praestitisse?
459 832 562 894 Aliter
591 830 697 896 locum
728 831 892 914 expedivit
924 830 1089 910 Wolffim,
1120 830 1175 914 qui
1198 829 1308 894 verbis

198 934 260 998 illis
276 922 367 999 ¹ot’thlr
385 933 419 999 δὲ
439 931 468 997 ἐν
489 942 551 1008 τοῖς
568 933 694 1018 Διδύμοο
712 933 822 999 τούτων
850 929 1003 1015 ὀβελισδὲν
1025 930 1148 1017 εὕρομεν
1164 931 1311 999 Scholia

199 1051 280 1102 stam
304 1040 347 1101 ait
379 1037 571 1122 significare,
604 1035 776 1122 ἀθετήσεοις
799 1049 906 1101 notam
927 1038 960 1101 in
988 1035 1116 1122 Didymi
1146 1054 1309 1102 common·

197 1144 286 1206 tariis
309 1163 346 1205 se
369 1140 507 1222 allatam,
531 1142 571 1204 ab
594 1143 665 1224 ipso
689 1151 795 1204 autem
818 1140 958 1226 Didymo
981 1138 1309 1224 noscomprobaton

200 1247 380 1329 reperisse:
405 1265 500 1330 quam
516 1244 696 1329 explicandi
714 1247 869 1308 rationem
891 1247 990 1308 miror
1008 1245 1148 1309 omnium
1172 1242 1310 1308 maxim

198 1349 396 1434 probabilem
433 1346 658 1413 Graefcnhano
694 1370 725 1432 p.
763 1349 848 1412 1140
882 1349 984 1412 videri
1017 1349 1181 1432 potuisse3
1221 1364 1311 1432 ‚qun

199 1454 354 1516 refutatur
376 1454 447 1536 ipso
479 1463 641 1534 contextu,
676 1453 937 1537 quandoquidem
958 1451 1067 1516 verhis
1091 1458 1152 1516 τῶν
1179 1448 1309 1534 Διδύμων

201 1577 264 1620 non
295 1556 452 1642 Didymus
482 1556 569 1638 ipse,
610 1555 667 1619 sed
699 1559 918 1621 commentarii
948 1557 1018 1620 eius
1050 1554 1244 1636 indicantur,
1276 1553 1310 1617 itt

201 1660 318 1744 quibus
352 1661 379 1722 si
409 1657 589 1723 Scholiasta
624 1657 709 1726 οὐδὲν
744 1659 854 1725 τούτων
888 1656 1042 1741 ὀβελιοδὲν
1074 1658 1242 1744 reperisse
1272 1674 1312 1723 ne

199 1764 331 1845 latetur,
361 1781 497 1825 necesse
520 1775 569 1827 est
592 1774 769 1828 statuamus
793 1785 865 1829 eum
900 1764 970 1828 aliis
993 1764 1097 1847 iisqne
1124 1762 1311 1847 antiquiori·-

200 1867 261 1931 hns
285 1866 429 1929 lontibus
459 1885 552 1928 usurn
576 1866 693 1950 fuisse,
726 1868 906 1953 exquibus
934 1866 1020 1931 illam
1049 1862 1225 1949 ἀδετήαανις
1252 1882 1312 1929 no·

202 1982 265 2034 tam
290 1969 459 2034 hausisset.
504 1968 619 2054 Neque
649 1971 782 2036 multum
813 1975 844 2036 in
867 1993 936 2035 rem
967 1970 1091 2034 confert
1121 1968 1310 2051 diiudicare,

200 2094 240 2137 an
263 2083 406 2158 praestet
430 2094 501 2137 curn
526 2071 662 2137 Wolsfio
685 2077 802 2158 faeere,
826 2075 1089 2140 commentarium
1111 2072 1201 2136 illum
1225 2070 1311 2138 nudo

199 2177 407 2262 ὑπομνηματος
429 2179 557 2240 nomine
587 2176 751 2242 laudatum
785 2178 816 2242 id
850 2181 956 2262 ipsum
986 2176 1116 2262 Didymi
1139 2194 1236 2259 opus,
1269 2194 1312 2240 ex

201 2302 270 2367 quo
288 2280 418 2345 Scholia
451 2292 705 2364 presumsissent,
736 2283 909 2367 significari
941 2291 1103 2346 censente.
1147 2277 1311 2343 Utramvis

200 2387 389 2452 sententiani
407 2383 607 2468 probaveris,
625 2387 774 2470 utrinque
794 2387 884 2453 vides
900 2398 990 2451 certo
1004 2383 1145 2468 prodire,
1160 2383 1223 2446 iarn
1238 2393 1313 2446 aute

200 2489 373 2572 Didymum
396 2487 592 2571 Sophoclem
611 2491 804 2573 interpretes
823 2512 901 2558 suos
922 2500 1047 2554 nactum
1066 2507 1152 2569 esse,
1173 2506 1310 2571 quornm

201 2593 324 2672 notitia,
343 2589 512 2655 Wollfium
531 2593 559 2654 si
578 2612 727 2677 sequare,
747 2596 826 2660 solis
842 2595 972 2680 Didymi
989 2592 1093 2675 copiis
1107 2589 1147 2654 ad
1160 2609 1221 2655 nos
1238 2610 1311 2674 per·

202 2695 264 2758 lata
288 2705 349 2775 est,
380 2697 428 2759 sin
452 2717 514 2777 rnc,
543 2706 607 2759 tam
629 2717 698 2779 per.
716 2696 888 2784 Didymnrn
918 2717 1013 2783 quam
1036 2713 1095 2779 per
1129 2694 1200 2778 ipsa
1224 2712 1311 2759 com·

200 2801 429 2865 montanorum
452 2801 655 2886 antiquorum
679 2801 836 2886 exempla.
884 2804 1029 2885 Quocum
1050 2806 1202 2862 auctores
1224 2796 1311 2861 haud

201 2903 282 2969 alios
307 2925 365 2969 nos
389 2906 536 2968 novimus
560 2925 654 2989 quam
679 2905 929 2991 quosWolsfius
949 2899 1083 2987 copill.
1100 2901 1309 2984 enumeravit,

200 3006 446 3092 Praxiphanetn,
461 3009 709 3092 Aristophanem
723 3023 764 3087 et,
778 3014 870 3076 ctrius
881 3009 981 3096 gratia
990 3007 1070 3072 haec
1083 3004 1187 3067 omnia
1199 3003 1310 3090 dispu-

201 3122 318 3193 tantur,
332 3112 563 3177 Aristarchum.
594 3112 830 3198 Praxiphanem
843 3135 932 3196 vero,
949 3113 989 3178 de
1004 3131 1068 3195 quo
1080 3105 1155 3171 alibi
1173 3107 1308 3191 dicetur,

200 3234 264 3278 uno
289 3213 491 3279 Scholiornm
515 3215 589 3279 loco
613 3231 832 3299 memoratum,
863 3217 941 3281 Ded.
966 3218 1037 3282 Col.
1060 3210 1141 3278 896:
1174 3209 1309 3283 σπεύδειν

200 3313 261 3382 ἀπὸ
289 3312 432 3404 ῥυτῆρος]
469 3315 530 3383 ἀντὶ
552 3328 606 3405 τῆς
626 3310 760 3404 βλαύτης.
793 3331 852 3385 τῶν
874 3318 907 3384 δὲ
924 3319 1149 3406 ἐξηγησαμένων
1172 3318 1309 3388 ἁπάντων

200 3416 390 3505 Πραξιφάνης
413 3424 495 3487 δοκεῖ
517 3422 630 3507 ἄμεινον
655 3420 836 3506 ἀποδιδόναι,
860 3421 978 3489 ἀκούων
1000 3424 1034 3490 τὸ
1058 3423 1212 3511 ὑπόδημα,
1245 3418 1308 3490 οἷον

202 3521 289 3610 [lege
311 3525 415 3611 ἤγουν]
439 3535 497 3590 τῶν
521 3530 622 3592 ποδῶν
644 3526 679 3591 τὸ
701 3525 850 3610 κάλυμμα,
873 3529 1046 3594 verisimile
1076 3544 1214 3597 nonest
1236 3549 1308 3614 per·

199 3639 298 3711 petuo
321 3631 550 3694 commentario
574 3630 768 3715 Sophoclem
797 3632 995 3714 illustrasse,
1030 3653 1094 3697 nen
1124 3633 1212 3718 quod
1235 3631 1307 3698 talis

200 3732 309 3814 operis
339 3732 424 3796 nulla
456 3735 494 3796 ad
526 3754 585 3798 nos
614 3736 762 3818 pervenit
785 3736 913 3817 mentio,
944 3737 1004 3800 sed
1034 3736 1121 3822 qnod
1143 3737 1206 3801 hoo
1228 3735 1307 3801 seri·

198 3831 297 3896 beudi
317 3854 420 3919 genus
438 3856 454 3899 a
473 3837 587 3900 studiis
611 3837 758 3922 hominis,
782 3849 934 3922 quantum
957 3841 1174 3923 canonistas,
1197 3824 1306 3924 utique

200 3935 375 4001 abhorrere
405 3940 540 4003 videtur.
584 3938 786 4025 Praxiphane
819 3943 916 4027 igitur
935 3946 1057 4009 omisso
1079 3925 1305 4028 Aristophanis

200 4037 471 4127 Aristarchusque
489 4055 674 4127 supersunt,
692 4030 774 4129 quos
789 4065 886 4130 quum
898 4046 960 4109 iam
974 4067 1072 4130 supra
1088 4046 1182 4121 cm.
1199 4056 1306 4111 osten·

200 4141 340 4222 decimus
373 4143 546 4229 Sophoclis
579 4146 694 4212 fabulis
724 4148 873 4212 notandis
900 4148 1162 4233 illustrandisque
1195 4168 1305 4215 euram

200 4246 416 4335 impendisse,
450 4248 564 4313 horum
600 4253 803 4334 potissimum
836 4270 973 4319 necesse
1005 4263 1057 4317 est
1089 4250 1305 4341 intelligantur
