2902 4822
730 432 810 510 284

213 631 318 695 miuus
339 624 591 712 ἀναγινώσκεσθαι
617 645 717 692 seusu
742 625 872 712 legendi
893 625 1100 710 accipiamus,
1123 624 1213 711 quod
1235 624 1264 689 ai
1286 622 1329 689 ad

213 736 316 802 critici
337 755 455 800 munus
476 735 635 816 refertur,
668 732 754 797 idem
777 733 863 797 valet
884 750 924 796 ac
945 750 1202 818 recognoscere,
1225 732 1270 797 ita
1292 736 1330 795 ut

214 839 255 903 de
271 840 461 905 recensione
479 837 591 921 scripti
610 837 745 903 alicuius
765 836 906 902 dicatur:
930 834 1330 921 quemadmodumlegitur

214 940 349 1006 verbum
379 961 441 1006 una
477 960 552 1005 cum
585 935 749 1022 ἀνάγνωσις
782 940 869 1024 apud
902 937 1119 1003 Herodianum
1151 938 1186 1003 in
1216 934 1328 1003 Sobel·

214 1044 300 1109 iliad.
323 1068 355 1129 μ,
375 1046 438 1109 20:
473 1041 591 1128 ιῖιισμσν
614 1040 650 1107 δὲ
677 1040 707 1108 ἐν
733 1040 846 1129 ἑτέροις
866 1040 910 1109 ὅτι
938 1040 973 1109 οὔ
996 1038 1115 1118 πάντας
1134 1038 1329 1128 inomni

215 1147 276 1215 ἀπὸ
297 1157 355 1214 τῶν
378 1145 473 1214 ἐθνῶν
494 1156 603 1233 χρῆσις
623 1145 674 1214 καὶ
695 1145 744 1214 ἐπὶ
763 1149 815 1235 rba
834 1144 998 1235 Ὁμηρικὴν
1021 1144 1202 1232 ᾰνσὶγνισσιν,Ι
1237 1142 1331 1211 dedu

216 1251 284 1340 περὶ
311 1257 368 1320 ταδ’
384 1256 528 1320 Γλισᾶνια
560 1251 604 1338 [β,
632 1252 711 1340 504]
745 1251 933 1339 διιλάβσμιν,
967 1252 1029 1337 εἴγε
1053 1252 1202 1327 Διονύσιος
1221 1250 1332 1337 lempst

215 1360 286 1436 τσὺς
308 1357 474 1445 ἐγχωρίοις·
496 1355 660 1425 συστέλλειν
674 1359 710 1424 τὸ
729 1357 747 1424 ἰ
767 1357 874 1445 καὶμὴ
892 1366 1055 1443 περισπᾶν·
1075 1355 1110 1423 ad
1128 1380 1161 1423 τι
1177 1355 1332 1433 Adaeum<

216 1466 324 1551 ἱστορεῖ
346 1460 502 1538 ὀξύνεσθαι
523 1463 608 1549 ἡμῶν
630 1461 887 1548 ἀναγινωσκόντων
910 1461 1081 1550 βαρυτόνως
1111 1472 1172 1529 etc:
1195 1461 1237 1526 de
1266 1480 1332 1547 quo

84 1624 87 1629 .
216 1568 290 1632 loco
314 1587 344 1632 v.
367 1566 471 1631 Lebrs
487 1588 517 1650 p.
532 1568 605 1635 272.
629 1567 724 1632 Adde
742 1566 960 1632 Herodianum
979 1556 1088 1632 Schol.
1110 1564 1198 1631 iliad.
1215 1586 1244 1647 o,
1257 1564 1331 1629 θθέι.

217 1671 369 1756 Apollon.
381 1670 422 1737 de
435 1673 563 1756 syntaxi
576 1694 608 1757 p.
619 1675 673 1741 77.
696 1672 819 1738 Eodem
830 1692 931 1739 sensu
942 1671 1103 1738 Anecdoti
1119 1668 1219 1735 verba
1236 1668 1332 1735 etiam

217 1774 416 1839 intellexisse
438 1774 568 1840 videtur
588 1777 628 1859 is,
659 1778 752 1842 cuius
782 1776 926 1840 notitiam
952 1775 994 1840 de
1031 1784 1100 1839 toto
1130 1774 1195 1839 hoc
1223 1768 1332 1837 libello

218 1898 261 1944 ex
287 1877 405 1953 Museo
426 1877 528 1945 Rben.
557 1881 590 1944 in
612 1880 718 1946 Praei.
747 1879 970 1964 produximus,
1004 1878 1039 1942 in
1060 1896 1101 1943 co
1123 1874 1197 1941 solo
1219 1872 1332 1955 tauns,

218 1980 307 2068 quod
328 1981 390 2046 sibi
417 1982 509 2051 fiuxit
531 1985 695 2070 exemplar
717 1984 823 2050 lliadis
845 2004 960 2049 revera
983 1983 1024 2049 ad
1052 1980 1225 2047 dialectum
1246 1978 1333 2043 Aeo·

218 2089 312 2155 licam
333 2092 564 2177 compositum,
594 2094 687 2158 cuius
717 2094 823 2177 ipsum
853 2090 1043 2176 principium
1073 2087 1204 2154 allatum
1229 2090 1333 2151 esset:

218 2194 295 2259 nibil
317 2197 402 2259 enim
424 2197 457 2259 in
482 2195 546 2262 hoc
573 2196 838 2282 deprehenditur,
861 2196 950 2282 quod
971 2195 1056 2259 illius
1077 2190 1239 2258 sermonis
1259 2206 1335 2273 prc-

218 2301 388 2386 prietatem
420 2301 566 2367 redoleat
573 2322 584 2386 3
618 2304 716 2367 immo
748 2303 854 2368 omnia
888 2301 973 2365 dicta
1006 2308 1083 2364 sunt
1115 2296 1156 2361 ad
1188 2312 1335 2359 normam

221 2407 355 2491 epicam,
377 2425 443 2491 qua
472 2404 618 2492 volgaria
641 2406 772 2471 Homeri
802 2406 948 2491 exempla
974 2406 1094 2489 scripta
1117 2410 1202 2468 sunt.
1243 2398 1335 2463 Haec

221 2530 320 2596 quum
339 2510 383 2574 ita
403 2511 479 2593 sint,
502 2511 609 2593 agitur
630 2509 672 2575 de
696 2511 766 2575 sola
792 2512 992 2595 grammatici
1020 2506 1175 2595 singulari
1203 2502 1335 2591 quidem

85 2652 87 2657 -
221 2614 383 2697 opinione,
408 2613 503 2698 digna
525 2623 643 2696 tamen,
667 2616 759 2680 cuius
782 2635 921 2680 caussae
942 2614 1161 2699 explorentur.

308 2715 382 2780 Dixi
397 2736 508 2802 supra,
527 2727 562 2782 ut
578 2716 754 2784 Homerum
765 2718 899 2785 Aeolica
919 2720 1055 2784 dialecto
1074 2736 1169 2782 usum
1180 2730 1256 2781 esse
1273 2709 1341 2777 sibi'

220 2821 444 2907 persuaderet,
457 2820 623 2908 Zopyrum
637 2842 677 2888 eo
697 2822 870 2888 adductum
882 2844 957 2889 esse
975 2841 1085 2908 posse,
1104 2818 1192 2907 quod
1207 2812 1339 2883 natione

222 2946 296 2991 eum
308 2926 503 2992 Aeolensem
515 2928 616 2993 luisse
628 2929 835 2993 existimaret.
864 2926 955 2992 Haec
972 2925 1100 3012 quidem
1119 2922 1252 2989 levioris
1267 2936 1342 2984 mc··

222 3032 321 3096 menti
331 3031 576 3116 argumentatio,
587 3033 746 3117 gravioria
761 3052 850 3114 vero,
865 3031 952 3117 quod
965 3031 1102 3094 invicem
1114 3046 1190 3094 sese
1200 3024 1337 3107 firmant,

222 3134 514 3199 aliaobaervatioa
532 3135 738 3200 creberrimis
756 3137 826 3201 eius
839 3137 966 3200 dialecti
984 3132 1131 3219 vestigiis
1149 3132 1183 3195 in
1200 3140 1339 3213 utroque

224 3240 365 3303 carmine
374 3239 500 3323 sparsis
511 3238 619 3322 ducta,
638 3260 734 3324 quam
745 3241 786 3305 ab
800 3239 1026 3305 Alexandrinis
1038 3254 1169 3324 quoque
1180 3250 1339 3320 gramma·

122 3419 124 3424 Ι
223 3343 296 3408 ticis
307 3342 444 3428 aliisque
454 3344 668 3427 scriptoribus
683 3344 809 3427 flectam,
819 3354 854 3407 ut
865 3342 973 3408 multis
985 3342 1067 3407 locis
1075 3338 1207 3405 Scltolia
1217 3344 1340 3402 leatan-

224 3460 287 3530 tur,
309 3467 350 3511 eo
366 3447 472 3512 udnus
491 3446 641 3533 Zopyrus
664 3448 727 3513 illis
746 3458 853 3513 aetate
875 3448 1016 3512 anterior
1041 3442 1206 3531 negligere
1222 3440 1339 3527 potuit,

225 3571 289 3636 quo
309 3553 382 3637 ipse
397 3552 438 3616 ab
457 3552 596 3636 antiquie
616 3550 748 3616 Homeri
769 3549 1019 3635 exemplaribus,
1043 3548 1192 3633 antiquae
1211 3540 1340 3609 dialecti

224 3655 377 3741 reliquias
397 3656 493 3720 etiam
509 3657 615 3720 minua
634 3665 815 3722 attenuatas
834 3674 912 3739 prae
928 3672 966 3718 se
990 3651 1180 3734 serentibus,
1205 3648 1341 3734 propius

225 3760 335 3828 abluit.
352 3759 510 3826 Dictiouis
528 3780 610 3824 vero
626 3759 779 3826 Aeolicae
799 3757 876 3823 nibil
901 3758 1004 3843 magis
1022 3755 1218 3821 Aeolensem
1238 3750 1345 3817 homi·

225 3884 310 3946 nem,
322 3866 426 3951 qualis
444 3866 594 3954 Zopyrus
607 3866 676 3948 fuit,
690 3882 836 3948 pungere
848 3861 959 3927 debuit
973 3880 1068 3946 quam
1089 3860 1248 3947 digamma
1259 3854 1346 3920 illud·

226 3969 406 4048 Aeolicum,
437 3973 530 4037 cuiue
554 3990 633 4036 usus
655 3969 711 4033 vix
733 3967 879 4032 dubitare
900 3964 1083 4030 testimonio
1104 3962 1285 4029 certissima
1308 3966 1348 4023 et·

226 4075 421 4159 incorrupta,
444 4078 565 4163 scripta
586 4076 641 4142 vel
655 4075 822 4157 inscripta,
845 4071 953 4136 sinunt
975 4062 1343 4154 qnintemporibuszo

227 4181 298 4266 pyri
321 4180 447 4266 vulgari
472 4181 682 4247 Aeolcnsium
705 4196 855 4245 sermone
875 4175 1038 4239 etiamtum
1061 4182 1213 4256 receptus
1234 4167 1342 4233 luerit.

227 4287 269 4357 Ut
290 4307 370 4355 vero
394 4286 514 4354 dudum
535 4286 734 4353 intellectum
753 4292 815 4367 est,
838 4281 997 4365 digamma
1016 4277 1154 4345 Aeolica
1163 4273 1342 4345 Homerum
