2902 4822
681 453 756 528 185

163 648 289 734 κορωνὶς
321 665 369 727 -3·
394 644 461 731 [hio
484 646 601 729 excidit
624 639 688 709 εἶτα
711 645 762 707 vel
786 642 836 708 καὶ
863 639 1069 728 παράγραφος,
1103 666 1131 707 v.
1158 668 1186 727 p.
1211 641 1268 728 2l]

163 751 212 818 ἐπὶ
233 753 267 818 δὲ
283 761 336 838 τῆς
351 751 518 824 τελευταίας
539 747 659 837 daudet)
674 749 738 834 ἤτοι
757 747 805 815 ἐπὶ
822 757 864 828 τῷ
880 746 957 813 τέλει
977 749 1086 825 παντὸς
1103 758 1156 815 τοῦ
1169 746 1271 836 ᾄσμα-

162 881 213 932 τος
245 856 334 942 μόνος
363 856 538 940 ἀστερίσκος
567 857 626 937 δέ,
662 851 696 928 ὃς
724 857 828 937 δηλοῖ,
864 852 907 929 ὡς
928 853 971 916 τά
1000 847 1080 940 ᾆσμα
1100 850 1272 919 τετέλεσται·

164 965 212 1030 cf.
236 966 276 1029 ad
299 965 426 1050 Olymp.
457 962 507 1026 lll.
541 983 571 1044 p.
595 963 646 1024 90.
671 959 722 1023 vl.
742 942 776 1042 p.
802 961 871 1022 129.
918 959 1026 1042 ltaque
1058 960 1179 1040 passim
1203 958 1274 1022 bre·

164 1071 252 1132 vitati
276 1069 411 1132 studens
434 1068 587 1130 metrious
610 1065 829 1127 tantummodo
855 1065 994 1125 nominat
1016 1060 1053 1126 τά
1071 1057 1198 1146 ῥηθέντα
1223 1062 1274 1124 vel

162 1169 200 1237 τά
223 1172 335 1256 συνήοη
355 1179 472 1254 σημεῖα,
496 1169 593 1232 veluti
617 1168 658 1231 ad
681 1168 806 1253 Olymp.
832 1167 883 1230 Vl.
908 1189 937 1249 p.
960 1169 1028 1230 128.
1052 1164 1131 1235 Vlll.
1158 1188 1186 1248 p.
1203 1167 1273 1229 tar.

164 1275 218 1340 lX.
243 1297 272 1358 p.
296 1276 369 1338 206.
393 1274 448 1337 Xl.
472 1295 504 1355 p.
527 1273 599 1336 238.
623 1270 704 1335 Xlll.
729 1293 759 1354 p.
773 1273 846 1352 267,
871 1271 974 1353 qualia
999 1271 1100 1352 accipi
1124 1269 1273 1350 debeant,

163 1399 332 1462 exponens
356 1379 394 1441 ad
418 1377 545 1461 Olyrnp.
578 1374 643 1446 Vll.
672 1397 702 1458 p.
728 1377 805 1439 157:
831 1369 902 1438 Ἐπὶ
919 1380 962 1458 τῷ
995 1370 1073 1437 τέλει
1100 1370 1137 1437 τὰ
1160 1373 1273 1456 συνήθη

164 1491 280 1565 σημεῖα,
302 1480 367 1565 ήτοι
392 1474 437 1562 ἐφ’
462 1476 572 1564 ἑκάστη
596 1476 708 1565 knodai
730 1475 856 1561 κορωνὶς
875 1475 925 1542 καὶ
943 1473 1155 1561 παράγραφος·
1177 1473 1226 1540 ἐπὶ
1241 1475 1274 1540 δὲ

163 1591 209 1670 τῷ
230 1580 307 1647 τέλει
335 1585 386 1648 τοῦ
416 1580 546 1668 ᾄσματος
568 1578 750 1665 ἀστερίσκος.
795 1580 875 1643 'lum
910 1580 951 1644 ad
974 1581 1107 1644 eandem
1132 1599 1274 1642 normam

165 1687 247 1750 ratio
270 1688 442 1750 notationis
465 1687 496 1749 in
520 1687 791 1768 monostrophiois
814 1687 867 1750 vel
894 1689 934 1750 iis
957 1686 1162 1766 carminibus
1191 1703 1275 1768 quae
1348 1725 1355 1736 x

164 1791 279 1874 epodis
298 1801 417 1874 carent,
440 1792 618 1873 composita
635 1802 694 1853 est.
736 1792 844 1876 ltaque
863 1793 902 1856 ad
918 1793 1044 1877 Olymp.
1058 1790 1142 1855 XlV.
1166 1813 1198 1874 p.
1212 1791 1272 1856 291

165 1897 207 1961 de
228 1899 326 1980 prima
351 1897 485 1979 stropha
512 1897 715 1962 adnotatum:
734 1894 796 1969 ,ἐπὶ
822 1902 865 1982 τῷ
889 1894 966 1962 τέλει
995 1893 1211 1980 παράγραφος,
1234 1897 1276 1960 ad

143 2060 145 2063 .
165 1999 315 2063 alteram:
339 1996 388 2063 ἐπὶ
398 2007 444 2084 τῷ
461 1995 538 2063 τέλει
556 2006 609 2082 της
621 1995 760 2082 δευτέρας
780 2000 886 2083 ταύτης
904 2008 1036 2084 στροφῆς
1054 1999 1183 2083 κορωνὶς
1190 1996 1275 2082 μόνη.
1389 2069 1396 2079 ,Χ

165 2103 219 2165 Ad
234 2101 329 2187 Pyth.
347 2101 397 2167 Vl.
417 2124 449 2185 p.
463 2103 542 2165 387:
558 2098 646 2167 Ἔστι
672 2100 706 2166 δὲ
726 2103 745 2186 ή
770 2098 835 2188 ᾠδή
853 2102 1052 2186 μονόστοφος,
1079 2101 1109 2167 αἱ
1132 2101 1165 2166 δὲ
1183 2099 1276 2185 μονό-

164 2208 290 2290 στροφοι
300 2202 508 2290 ἀντιστρόφους
524 2206 629 2288 ἔχουσι
638 2204 692 2280 τάς
704 2206 834 2291 στροφὰς
850 2205 992 2292 ἀλλήλαις
1008 2206 1042 2291 [l.
1054 2215 1118 2280 ταῖς
1136 2215 1277 2290 στροφαῖς

166 2307 325 2392 ἀλλήλας],
345 2307 422 2373 ὥστε
441 2305 493 2373 ἴσα
512 2305 587 2374 εἶναι
602 2306 639 2373 τοί
659 2332 691 2372 τε
709 2318 763 2394 τῆς
783 2320 913 2395 στροφῆς
934 2310 984 2375 καὶ
1005 2306 1209 2392 ἀντιστρόφου·
1230 2307 1276 2372 διὸ

166 2409 237 2477 οὐδὲ
253 2413 394 2496 κορωνίσι
413 2422 542 2498 χρῶνται
563 2407 607 2476 ἐπ’
634 2409 730 2478 αὐτῶν
756 2411 804 2478 διά
823 2410 925 2497 μέσου,
942 2417 974 2476 in
995 2413 1112 2497 quibus
1131 2410 1204 2475 addi
1222 2410 1277 2474 de·
1371 2427 1374 2431 ’
1414 2397 1416 2401 ’

165 2515 272 2596 bebat,
292 2516 436 2600 singulas
455 2518 607 2600 strophas
625 2517 708 2579 inter
728 2537 765 2580 se
782 2517 989 2602 paragraphis
1009 2517 1176 2580 distinctas
1192 2532 1275 2578 esse.

254 2617 344 2683 llano
367 2619 534 2683 ordinandi
557 2622 732 2685 carminum
755 2622 878 2707 singula
903 2620 973 2684 oola
996 2617 1276 2703 distinguendique

167 2725 322 2788 rationem
345 2723 516 2787 admodum
539 2723 707 2808 probabile
730 2736 780 2788 est
811 2726 918 2810 varios
948 2745 1006 2807 per
1033 2723 1122 2787 rivos
1145 2742 1186 2784 ex
1208 2721 1276 2784 lon·

167 2829 253 2891 tibus
283 2827 422 2910 antiquis
445 2828 485 2890 ad
509 2830 648 2891 novitios
670 2828 752 2890 istos
784 2828 981 2912 magistellos
1015 2847 1137 2911 usque,
1173 2824 1276 2908 qualis

167 2943 217 2993 est
251 2951 282 2993 v.
316 2950 344 2993 ο.
377 2930 631 3014 Moschopulus,
673 2931 801 3015 Olymp.
836 2930 875 2996 V.
910 2953 941 3014 p.
976 2931 1034 2993 117
1068 2940 1276 3009 memoratus,

167 3054 324 3098 manasse.
342 3033 417 3098 ‘Cui
438 3025 614 3099 sententiae
638 3055 700 3098 non
725 3035 818 3098 obest
842 3035 928 3118 quod
950 3044 1014 3098 tota
1034 3036 1113 3099 hae-o
1131 3033 1276 3097 doctriua

167 3157 209 3200 ex
243 3136 492 3221 Hephaestionis
528 3132 649 3222 passim
683 3141 778 3203 tacite
813 3138 864 3201 vel
904 3141 1088 3202 nominatim
1123 3135 1276 3220 exscripti

168 3241 336 3324 disoiplina
366 3263 511 3324 maguam
546 3255 670 3325 partem
702 3243 796 3307 duola
829 3254 889 3325 est,
922 3243 1082 3327 siquidem
1105 3242 1277 3327 magistros

168 3342 243 3416 illos
266 3347 360 3409 etiarn
383 3347 453 3410 aliis
478 3346 631 3410 subsidiis
654 3348 829 3411 instructos
860 3348 961 3411 fuisse
990 3348 1041 3411 vel
1064 3365 1166 3411 exeo
1189 3343 1277 3408 oolli-

171 3448 267 3533 gitur,
292 3451 378 3534 quod
401 3450 441 3513 ad
464 3452 607 3533 ipsorum
631 3449 746 3532 placita
768 3451 983 3515 confirmanda
1003 3453 1179 3516 auotoritas
1193 3446 1277 3510 illius

168 3553 355 3635 advocatur,
386 3564 421 3616 ut
445 3553 570 3638 Olymp.
599 3550 651 3614 lV.
687 3555 814 3636 ρ.108.
849 3557 922 3636 100,
946 3555 996 3617 vel
1021 3555 1108 3640 quod
1132 3551 1278 3634 Hephae·

168 3658 282 3721 stionis
316 3659 397 3720 ratio
432 3658 561 3722 brevius
595 3658 741 3740 exposita
777 3657 955 3740 supplenda
990 3669 1021 3721 et
1056 3653 1275 3739 amplificanda

169 3761 249 3843 ipsis
274 3763 343 3825 risa
366 3771 425 3842 est,
452 3774 485 3825 ut
507 3762 632 3845 Olyrnp.
657 3756 794 3845 xlltjp.
818 3761 899 3823 267:
924 3757 948 3824 εἰ
971 3760 1065 3844 δὲμὴ
1090 3759 1278 3842 παραδίδωσι

168 3870 252 3928 τοῦτο
283 3861 299 3928 ὁ
328 3863 475 3949 μετρικός,
509 3863 593 3930 οὐδὲν
623 3863 808 3948 θαυμαστόν·
836 3861 873 3928 τὰ
905 3863 1082 3947 καιριώτερα
1118 3862 1276 3948 [soeoku
1320 3901 1323 3907 -

169 3968 289 4031 mavult
311 3967 381 4052 κυρ]
405 3966 461 4051 ηάρ
483 3969 695 4051 παραδίδωσιν,
718 3968 762 4042 ὡς
781 3965 952 4053 ἐγχειρίδιον
964 3963 1096 4050 ηράφιον.
1131 3966 1277 4052 Denique

166 4071 229 4135 lios
263 4070 478 4156 magistellos,
514 4073 583 4136 sive
614 4071 798 4135 Triclinium
832 4072 902 4134 sive
936 4070 1018 4134 alios
1053 4072 1275 4156 quoscunque,

169 4176 306 4238 vetustis
329 4173 472 4238 fontibus
497 4195 575 4238 usos
599 4195 690 4254 esse,
719 4176 781 4258 ipsi
804 4174 934 4239 codices
956 4179 1131 4256 testantur,
1163 4175 1278 4258 quibus

169 4280 303 4342 παλαιῶν
326 4278 454 4342 nomine
476 4277 598 4343 scholia
623 4280 752 4344 metrica
777 4279 903 4367 singula
933 4281 1056 4366 passim
1076 4278 1277 4359 annituntur,
