2902 4822
693 409 787 511 90„

163 612 280 687 poetae
322 603 506 667 criticorum
545 621 635 666 more
676 601 835 666 distinctis
879 619 974 664 usum
1016 618 1093 664 esse
1131 610 1273 685 negaret

163 707 297 771 Etiamsi
330 707 428 790 igitur
460 704 514 768 ilia
547 706 618 789 ipsa
650 705 759 787 verba,
794 723 878 788 quae
901 704 941 766 ad
971 703 1133 768 Ranarum
1166 703 1273 769 locum

44 790 52 804 ¹
163 812 323 896 leguntur,
354 809 573 892 Aristarchus,
605 829 704 892 quum
733 829 824 872 suam
858 807 900 870 de
933 827 973 870 eo
1005 807 1180 872 conficeret
1202 828 1274 873 sen·

164 915 304 995 tentiam,
328 932 392 976 non
414 913 568 994 respexit,
591 923 698 976 tamen
719 911 771 974 vei
795 931 836 974 ex
858 911 930 993 ipso
949 911 1051 975 verbo
1067 908 1198 976 ἐντεῦθεν
1220 932 1274 976 ne·

164 1037 258 1082 cesse
291 1027 341 1080 est
373 1015 621 1097 concludamus,
663 1036 758 1080 usum
791 1035 865 1078 eum
898 1035 975 1078 esse
1007 1015 1114 1099 aliqua
1135 1015 1274 1081 technioi

164 1121 343 1203 cuiuspiam
365 1119 581 1200 adnotatione,
614 1119 748 1182 eandem
780 1118 873 1181 metri
901 1118 1144 1202 ordinationem,
1179 1140 1274 1204 quam

164 1223 287 1289 Scholii
319 1234 432 1287 auctor
460 1243 522 1286 suo
558 1242 647 1286 more
680 1222 850 1303 enarravit,
881 1221 1062 1304 exhibente,
1095 1223 1159 1287 cui'
1182 1243 1275 1288 suem

164 1330 266 1411 ipsius
302 1328 491 1391 sententiam
525 1326 760 1407 discrepantem
800 1336 990 1408 opponeret.
1047 1324 1274 1391 Adnotationis

164 1450 244 1495 vero
283 1430 369 1497 illius
406 1440 521 1493 auctor
556 1449 655 1513 quum
682 1429 737 1490 vix
777 1426 858 1493 alius
899 1429 1000 1492 finisse
1033 1429 1139 1512 possit
1180 1448 1275 1512 quant

163 1533 399 1616 Aristophanes
433 1533 530 1618 oya,
572 1553 668 1617 quem
707 1541 835 1595 constat
867 1532 899 1595 in
932 1531 1047 1597 Alcaei
1084 1542 1172 1596 certe
1205 1552 1274 1597 car·

164 1637 304 1700 minibus
344 1636 578 1721 distinguendis
613 1635 715 1720 signis
753 1635 816 1699 illis
846 1637 987 1701 metricis
1020 1644 1086 1700 uno
1117 1636 1274 1701 asterisco

164 1740 268 1804 auctis
283 1759 393 1816 *usum
416 1758 501 1820 esse,
536 1757 652 1821 magna
673 1737 898 1820 probabilitate
920 1740 1017 1803 statui
1040 1740 1169 1822 poterit,
1203 1758 1274 1805 eum

164 1853 294 1928 praeter
332 1841 474 1906 criticam
508 1861 640 1923 operam
678 1842 774 1905 etiam
814 1844 979 1907 metricam
1002 1843 1126 1908 Comici
1158 1842 1274 1909 fabulis

165 1946 387 2030 praestitisse,
431 1944 464 2006 id
497 1945 585 2028 quod
620 1945 764 2028 proclive
795 1957 845 2011 est
875 1947 1050 2028 coniicere,
1085 1941 1282 2011 adhibendis

165 2051 267 2134 signis
307 2050 425 2132 pariter
459 2060 555 2133 atque
597 2050 630 2112 in
672 2049 809 2113 aliorum
843 2070 999 2134 generum
1039 2051 1169 2134 scriptis
1202 2070 1275 2116 eum

165 2154 353 2238 perfecisse.

250 2255 410 2341 Superest
432 2266 465 2320 at
492 2277 601 2321 earum
625 2260 767 2341 ipsarum
791 2268 948 2340 notarum,
983 2259 1121 2340 quaein
1143 2259 1275 2324 metrice

165 2360 372 2426 adnotatione
404 2358 544 2425 Scholiis
577 2361 805 2443 Aristophanis
836 2362 957 2425 inserta
978 2362 1200 2447 reperiuntur,
1228 2382 1278 2429 re·

160 2485 285 2530 census
321 2464 527 2548 exhibeatur,
570 2485 634 2548 quo
667 2465 764 2530 simul
796 2464 1042 2547 comprobatur,
1077 2485 1133 2530 eas
1168 2467 1277 2552 utiquc
1333 2451 1336 2461 ¹

159 2568 339 2632 convenire
362 2588 436 2632 cum
457 2569 540 2651 istis,
572 2590 652 2652 quas
675 2571 708 2631 in
730 2579 900 2652 poetarum
929 2569 1133 2633 scenicorum
1164 2570 1277 2635 caruti-

166 2671 261 2736 nibus
284 2693 321 2736 se
344 2673 505 2755 reperisse
528 2670 726 2755 Hephaestio
749 2683 886 2737 testatus
909 2683 959 2736 est
990 2691 1137 2756 quasque
1162 2692 1277 2739 secun-

166 2774 243 2838 dum
264 2776 503 2839 varias‘earum
525 2786 703 2858 potestates
726 2777 958 2860 descripsimus
992 2783 1021 2850 s.
1044 2776 1109 2840 20⁴:
1143 2777 1179 2842 in
1212 2797 1277 2864 qno

160 2898 307 2943 ‚recensu
328 2868 509 2942 exhibendo
532 2900 631 2962 quum
653 2883 723 2946 eius
746 2880 961 2946 adnotationis
984 2879 1084 2945 facies
1103 2900 1165 2964 per
1178 2890 1277 2945 totam

165 2981 371 3048 Scholiorum
393 2983 577 3067 congeriem
598 3004 662 3049 una
682 2985 859 3070 eademque
878 2985 931 3066 sit,
954 2983 1073 3047 chartis
1089 2985 1278 3069 pepercisse

166 3086 342 3170 prudenter
373 3085 519 3171 videbor,
552 3087 580 3152 si
601 3089 634 3151 in
664 3090 821 3173 exemplis
855 3098 1001 3152 notarum
1031 3087 1206 3154 afferendis
1226 3106 1277 3152 me

165 3191 249 3255 intra
269 3190 364 3254 unius
387 3191 514 3257 fabulae
537 3194 641 3278 spatia
663 3195 864 3258 continuere.

254 3295 288 3371 1)
312 3290 518 3380 παράγραφσς,
541 3295 590 3364 ἐπὶ
611 3305 674 3372 ταῖς
695 3293 868 3377 duodicem,
902 3295 944 3360 ad
967 3293 1183 3381 designandas
1205 3313 1277 3379 per·

166 3419 318 3465 sonarum
340 3401 373 3463 in
396 3399 540 3466 diverbio
562 3403 645 3466 inter
667 3421 704 3467 se
726 3402 1009 3465 sermocinantium
1025 3398 1276 3480 vicissitudines,

166 3503 251 3568 Plut.
276 3504 306 3585 1,
330 3503 382 3567 vel
405 3505 500 3569 etiam
523 3527 608 3571 nova
630 3523 771 3588 persona
792 3506 943 3588 intrante,
976 3525 1025 3570 vs.
1047 3505 1122 3586 802,
1158 3505 1278 3588 pariter

166 3618 262 3692 atque
285 3604 334 3672 ἐπὶ
354 3617 418 3683 ταῖς
439 3605 603 3676 duodicem
623 3616 681 3674 τῶν
704 3604 908 3692 συστημάτων,
930 3629 962 3672 ν.
984 3609 1058 3672 487.
1082 3607 1155 3672 641.
1180 3606 1279 3672 'Item

165 3713 199 3776 in
232 3713 425 3778 carminibus
459 3713 676 3799 systematicis
709 3707 755 3794 ἐφ’
791 3709 910 3797 ἑκάστῳ
944 3712 1113 3796 συστήματι,
1149 3709 1278 3796 singulo

167 3837 298 3905 quoque
319 3818 505 3904 systematis
529 3817 685 3898 membro,
709 3836 758 3880 vs.
771 3817 845 3880 253.
878 3817 957 3881 item
980 3817 1041 3881 sub
1064 3806 1159 3880 hnem
1178 3815 1279 3879 totius

166 3924 353 4007 systematis
389 3922 459 3985 sive
493 3922 594 4004 chori,
628 3939 658 3982 v.
681 3918 755 3982 302.
790 3919 864 3984 619.
908 3920 958 3986 De
981 3941 1044 3986 usu
1070 3920 1103 3983 in
1125 3915 1277 4002 parabasi

166 4025 271 4092 dicam
292 4026 334 4093 ad
357 4023 485 4107 diplam.

252 4134 288 4208 2)
310 4132 447 4218 κσρωνίς,
480 4127 530 4196 ἐπὶ
559 4135 604 4216 τῷ
624 4126 711 4210 τέλει,
741 4129 775 4192 in
797 4127 943 4194 clarrsma
975 4125 1121 4191 diverbii
1165 4121 1225 4189 Vs.
1249 4121 1278 4187 1.
1340 4200 1344 4215 ‚

165 4234 240 4303 253.
262 4237 337 4325 641,
359 4235 411 4303 vel
435 4235 529 4303 novis
551 4234 742 4300 intrantibus
764 4233 924 4319 personis,
947 4251 997 4297 vs.
1009 4230 1083 4299 771.
1104 4229 1180 4298 834.
1202 4226 1277 4295 851.
