2902 4822
719 443 798 518 aas

200 634 327 723 Ἑρμοῦ·
357 628 434 703 ἴδιον
462 636 518 721 γὰρ
542 634 675 720 ἀγγέλων
696 637 836 711 τοιούτοις
857 635 1024 720 ὑποδήμασι
1051 641 1197 722 χρῆσθαι·
1219 636 1308 723 καὶὴ

202 746 253 808 τοῦ
275 740 402 826 δόρατος
424 789 462 806 ..
494 737 572 814 λέξις
593 739 670 824 πρὸς
700 738 785 804 οὐδὲν
809 742 905 825 ψιλῶς
926 750 1028 822 κεῖται,
1061 740 1116 805 ubi
1146 761 1228 824 quae
1259 750 1311 804 est

203 848 328 928 lacuna,
351 867 390 909 ea
412 865 498 908 nunc
520 846 649 929 egregie
672 845 841 928 suppletur
856 844 1061 909 scholiorum
1083 846 1114 907 in
1127 843 1309 929 Odyssean:

204 950 316 1013 codice
339 950 514 1030 Marciano,
548 968 644 1031 quern
667 948 825 1033 Pluygers
856 969 887 1031 p.
909 949 941 1029 2,
964 947 1020 1010 uhi
1049 947 1231 1012 huiusloci
1253 967 1310 1009 no·

204 1056 355 1117 tationem
379 1052 610 1115 Aristarchiarn
632 1062 758 1132 tractat,
790 1052 1062 1132 commemoravit,
1097 1052 1215 1135 quippe
1245 1052 1322 1133 quo

203 1157 448 1240 llamhurgensc
476 1155 621 1219 scholion
646 1175 746 1238 paene
778 1156 818 1218 ad
841 1156 975 1218 verbum
996 1155 1156 1218 referente
1185 1154 1311 1239 legatur

202 1259 222 1343 ἡ
254 1265 308 1323 τοῦ
341 1255 467 1341 δόρατος
501 1255 647 1342 ἀνάληψις
679 1257 756 1341 πρὸς
789 1255 874 1322 οὐδὲν
909 1254 1073 1339 ἀναγκαῖον.
1129 1257 1187 1321 llla
1225 1257 1310 1320 enirn

204 1372 254 1425 est
276 1363 326 1425 vis
349 1362 439 1424 verbi
461 1366 663 1444 τροαδττῆσαι
685 1382 702 1423 a
726 1360 920 1446 Pluygersio
949 1363 1032 1425 hene
1061 1347 1242 1442 illustrata,
1275 1370 1311 1422 ut

205 1466 306 1528 critici
337 1464 553 1549 intelligantur
585 1464 775 1527 Aristarcho
809 1467 947 1549 priores
970 1465 1157 1528 Zenodotus
1181 1462 1310 1546 quidem

205 1580 236 1631 et
267 1569 519 1651 Aristophanes:
555 1568 595 1630 de
629 1588 691 1650 qua
727 1568 819 1630 verbi
859 1579 1018 1651 potestate
1050 1570 1113 1631 iarn
1147 1565 1312 1630 Buttman·
1425 1559 1426 1567 '

205 1692 267 1735 nus
295 1683 491 1754 exposuerat
523 1671 607 1733 Add.
641 1671 682 1733 ad
715 1669 825 1736 Schol.
858 1670 977 1756 odyss.
1009 1694 1038 1751 οι,
1076 1672 1146 1735 185.
1176 1691 1207 1752 p.
1237 1669 1312 1732 564.

204 1775 283 1838 Rem
316 1775 483 1839 confirmat
515 1773 624 1838 Schol.
658 1773 745 1839 llarl.
780 1775 821 1838 ad
858 1775 977 1861 Odyss.
1014 1778 1051 1857 δ,
1083 1774 1229 1856 62-64,
1260 1793 1313 1837 ac·

204 1879 353 1942 curatius
377 1898 464 1944 nunc
496 1878 659 1960 vulgatum
690 1876 885 1941 aCrarnero
917 1879 1042 1943 Anecd.
1070 1879 1173 1943 Paris.
1205 1876 1243 1943 T.
1260 1875 1312 1941 lll.

152 2047 171 2065 Ι.
204 2003 234 2063 p:
257 1982 338 2044 438:
361 1984 577 2063 προηδετοδντο
599 1977 649 2044 καὶ
677 1977 761 2064 παρὰ
777 1975 1011 2064 Ἀριστοφάνους
1040 1978 1090 2045 καὶ
1111 1980 1194 2065 παρὰ
1216 1983 1312 2064 Ζηνο-
1389 2013 1395 2019 ’

204 2081 301 2147 δότοο.
346 2082 433 2146 Cave
463 2095 569 2146 tamen
592 2104 632 2146 ne
655 2083 738 2146 hano
768 2085 858 2148 verbi
881 2096 1075 2166 potestatem
1106 2085 1149 2147 ita
1172 2085 1313 2166 accipias
1407 2112 1408 2117 ¹

203 2199 239 2254 ut
259 2197 390 2270 praeter
412 2187 517 2250 dictos
540 2188 670 2250 criticos
693 2187 776 2250 alius
800 2189 968 2272 quisquam
997 2188 1130 2273 intelligi
1162 2195 1313 2271 nequeat,

204 2309 396 2373 quamquam
418 2288 512 2353 facile
535 2290 681 2353 concedo
704 2288 892 2374 plerumque
916 2311 955 2354 eo
970 2291 1170 2354 Zenodotunr
1194 2301 1226 2353 et
1240 2289 1314 2352 Ari·

206 2392 395 2475 stophanem
431 2393 601 2477 designari.
646 2392 737 2456 luvat
769 2392 901 2456 laudare
922 2395 955 2457 in
977 2394 1039 2458 hac
1065 2414 1102 2458 re
1123 2393 1322 2456 memorabi-¹

205 2495 266 2558 lern
291 2496 397 2560 locum
419 2495 529 2561 Schol
564 2494 650 2561 Harl.
674 2496 714 2564 ad
738 2496 857 2580 Odyss.
888 2503 913 2578 ξ,
941 2499 1005 2561 503
1027 2496 1067 2560 ab
1101 2495 1216 2560 eodem
1238 2493 1316 2559 Cra·

206 2619 294 2662 rnero
317 2599 338 2664 l.
361 2601 381 2663 l.
404 2620 435 2683 p.
457 2601 522 2663 490
544 2600 728 2685 vulgatum:
759 2599 822 2665 εἶδε
842 2601 893 2685 μοί
913 2625 956 2676 τις
984 2603 1050 2686 δοίη
1072 2609 1130 2665 τῶν
1152 2600 1315 2683 χοιροβοα-

204 2711 268 2767 κῶν
290 2699 399 2787 ἱμάτιον
422 2699 552 2787 ῥιγῶντι,
575 2701 642 2768 δυσὶ
660 2700 790 2787 τρόποις,
819 2702 953 2788 φιλότητί
973 2728 1006 2770 τε
1034 2702 1084 2770 καὶ
1105 2703 1215 2788 ἀνδρὸς
1237 2699 1315 2785 ἀγα-

205 2809 259 2871 θοῦ
282 2804 369 2889 αἰδοῖ,
395 2807 484 2892 ἤγουν
507 2805 644 2891 ἐοτροττη.
685 2804 742 2872 Καὶ
764 2805 781 2870 ὁ
800 2801 991 2894 Ἀθηνοκλῆς
1009 2812 1181 2891 προηδετεῖ·
1204 2803 1315 2888 ἀφανί-

206 2912 288 2984 ζουσι
309 2908 365 2995 γὰρ
388 2910 421 2975 τὸ
445 2911 555 2994 χωρίον
583 2914 635 2976 τοῦ
663 2908 828 2995 αἰνίγματος
850 2905 1011 2996 διαρρήδην
1039 2909 1184 2984 αἰτο”ντος
1213 2905 1315 2981 elliu<

204 3037 236 3077 τε
256 3013 306 3078 ιἰαὶ
329 3011 346 3078 ὁ
368 3015 497 3098 Εὔμαιος
521 3014 640 3099 ὕστερον
662 3013 741 3097 λέγει
762 3012 868 3097 ,αἶνος
889 3012 985 3098 μέντοι
1013 3013 1135 3098 ἀμύμων
1169 3011 1201 3078 δν
1223 3009 1315 3076 κατέ-

204 3120 323 3192 λεξας.“
367 3103 500 3205 Spectat
522 3120 602 3183 hacc
631 3116 771 3203 ἀθέτησις
803 3119 844 3182 ad
867 3141 915 3184 vs.
938 3120 1002 3183 504
1024 3131 1056 3182 et
1078 3118 1152 3198 505,
1177 3135 1260 3200 quos
1282 3116 1315 3179 in

205 3223 278 3285 cod.
301 3221 453 3286 Amhros.
476 3224 572 3287 obelo
595 3244 709 3287 revera
732 3223 878 3287 confixos
902 3214 976 3287 esse
1007 3223 1220 3286 Buttmannus
1243 3242 1315 3284 nar·
1426 3298 1427 3301 γ

204 3334 263 3388 rat.
300 3324 395 3390 llnnc
416 3328 479 3390 iarn
501 3326 731 3409 Athenoclem,
755 3330 847 3391 cuius
871 3348 912 3391 ex
935 3329 1057 3410 scripto
1086 3326 1226 3410 quodam
1248 3323 1317 3408 περὶ

201 3423 337 3512 Ὁμήρου
360 3429 424 3494 loci
445 3432 665 3513 interpretatio
699 3450 763 3500 una
784 3430 926 3516 Didymo
958 3430 1105 3495 laudatur
1136 3419 1168 3491 in
1204 3427 1318 3498 Schoh

204 3530 244 3594 A.
267 3531 354 3596 lliad.
378 3538 404 3613 Ε,
426 3534 480 3615 71,
504 3545 633 3617 oportet
655 3544 832 3598 statuamus
861 3533 1050 3599 Aristarcho
1078 3532 1180 3596 fuisse
1211 3541 1316 3594 aetate
1373 3539 1377 3550 '

204 3636 359 3699 maiorem
381 3648 436 3699 aut
458 3649 547 3716 certe
569 3638 748 3721 aequalem,
783 3650 815 3701 et
837 3638 901 3701 hoc
922 3656 1035 3699 verum
1057 3655 1133 3698 esse
1156 3653 1196 3697 eo
1218 3632 1316 3696 dooe-

204 3757 289 3819 mur,
314 3740 400 3822 quod
422 3751 507 3804 teste
531 3739 646 3803 eodem
669 3737 778 3803 Schol.
809 3741 848 3803 ad
871 3763 898 3822 γ,
921 3741 986 3802 368
1008 3739 1209 3818 Ammonius,
1242 3737 1316 3801 Ari·

204 3842 324 3904 starchi
347 3842 536 3930 discipulus,
568 3843 621 3907 vel
643 3842 774 3906 satelles
793 3844 821 3920 ²)
851 3845 905 3906 isti
927 3843 989 3926 ipsi
1012 3840 1223 3923 Athenoclis,
1238 3841 1321 3906 dum'

203 3945 344 4028 viveret,
374 3945 457 4009 lihro
480 3947 577 4011 aliurn
606 3948 755 4028 apposuit
787 3939 974 4030 (Ἀμμώνιος
995 3943 1025 4008 ἐν
1046 3952 1089 4024 τῷ
1113 3943 1190 4028 ’πρὸς
1210 3938 1312 4028 Ἀδη-
1392 3963 1395 3966 ’

202 4045 312 4112 νοκλὲα
341 4045 564 4134 συγγράμματι).
609 4048 698 4112 Unrle
732 4060 820 4132 patet
849 4050 890 4112 de
913 4047 1055 4112 Homero
1088 4047 1242 4133 quidquid
1272 4049 1313 4115 ab

223 4227 226 4233 ⁸
255 4269 284 4337 η
303 4268 337 4326 v.
357 4270 451 4325 soon
470 4269 544 4328 run.
564 4269 588 4339 μ,
608 4273 665 4322 ιιι.
682 4290 707 4340 ι,
724 4272 788 4330 soe,
