2902 4822
708 424 760 500 64

263 609 399 678 Tantum
422 611 463 674 de
485 610 587 697 signis
610 615 763 698 quinque,
787 634 869 699 quae
898 614 1096 701 Hephaestio
1123 641 1292 691 enumera·

177 715 224 779 vit
245 726 278 778 et
299 715 478 780 illustravit.
509 714 576 780 Sed
598 719 784 799 notandum,
807 717 869 782 illis
892 720 981 785 initio
1003 724 1117 807 capitis
1138 728 1290 811 simplici·

175 831 227 883 ter
240 820 409 884 nominatis
420 818 692 904 Hephaestionem
703 821 882 887 subiecisse
896 820 947 888 καὶ
960 822 1031 890 εἴτι
1048 825 1125 893 ἄλλο
1141 839 1274 899 τοιοῦτον
1278 854 1290 912 3

175 936 243 989 turn
266 925 293 1006 ξ.
316 925 337 987 2
368 925 458 988 initio
480 924 544 1010 legi
566 926 666 990 haec:
716 926 838 1001 Τούτοις
859 936 920 1002 τοῖς
942 930 1074 1013 σημείοις
1098 943 1161 1010 τοῖς
1181 959 1290 1022 προα-

175 1021 321 1110 peperere,
352 1024 428 1109 πλὴν
460 1033 512 1091 τοῦ
534 1022 720 1109 sareptano,
741 1025 792 1092 καὶ
813 1023 925 1112 ἑτέροις
946 1030 1014 1113 τισί,
1043 1031 1111 1120 περὶ
1133 1032 1176 1101 ὧν
1196 1034 1289 1113 tter.

174 1154 237 1214 per,
260 1129 289 1197 ἐν
310 1139 372 1205 τοῖς
394 1126 523 1214 δράμασι
544 1128 700 1214 χρώμεθα.
743 1130 833 1218 Ergo
856 1135 997 1219 quinque
1023 1137 1085 1203 illis
1107 1140 1200 1225 plura
1223 1141 1288 1207 He·

173 1236 322 1319 pbaestio
353 1254 418 1298 non
441 1233 539 1297 modo
563 1235 661 1316 novit,
699 1235 758 1298 sed
792 1256 943 1300 enarrare
965 1239 998 1301 in
1030 1242 1136 1306 animo
1165 1243 1286 1311 babuit

172 1336 245 1402 Hoc
267 1358 366 1422 quurn
398 1336 509 1401 nullibi
538 1335 658 1400 facturn
681 1338 739 1420 sit,
776 1339 918 1402 nascitur
948 1342 1093 1424 suspicio
1125 1364 1167 1409 ne
1197 1347 1287 1431 qrrod

172 1459 258 1504 nuno
290 1458 483 1524 usurpamus
517 1438 715 1502 enchiridion
749 1440 893 1504 mutilum
929 1443 988 1522 sit,
1030 1445 1101 1523 sive
1136 1447 1178 1510 ab
1210 1449 1285 1533 ipso

172 1552 306 1609 auctore
328 1563 393 1608 non
416 1542 605 1625 perlectum,
634 1544 705 1606 sive
727 1563 806 1606 casu
828 1544 938 1627 iniquo
966 1555 1157 1616 truncatum.
1200 1553 1285 1620 lllud

172 1667 252 1712 vero
283 1657 454 1730 propterea
481 1645 565 1709 haud
599 1645 752 1710 credibile
785 1657 846 1729 est,
877 1649 964 1732 quod
996 1651 1025 1714 si
1059 1653 1285 1736 imperfectum

170 1761 285 1815 auctor
306 1749 502 1833 reliquisset,
526 1759 575 1812 tot
597 1751 789 1832 interpretes
812 1760 909 1834 atque
932 1752 1129 1836 expilatores
1153 1771 1284 1833 nactum

170 1875 236 1919 non
258 1864 357 1937 esset,
380 1855 435 1938 qui
457 1873 497 1919 eo
521 1864 683 1938 tamquam
705 1854 872 1936 principali
898 1857 1051 1921 metricae
1072 1858 1282 1929 fundamento

169 1960 221 2022 usi
248 1969 321 2021 sunt
355 1958 518 2042 variisque
550 1956 655 2021 ruodis
685 1966 872 2020 tractarunt.
916 1956 1002 2022 Nolo
1030 1960 1204 2046 quidquam
1226 1966 1283 2031 tri.

168 2063 271 2126 buere
293 2060 522 2143 subscriptioni
546 2060 775 2144 apospasmatii
797 2061 830 2123 in
850 2059 921 2139 cod.
941 2059 1079 2147 Veneto,
1104 2087 1200 2150 quem
1214 2066 1282 2133 Vil-

167 2163 314 2227 loisonus
344 2163 499 2244 excussit,
530 2171 696 2244 repertae:
733 2158 892 2245 ἐτελειώθη
921 2161 956 2227 τὸ
984 2172 1038 2230 τοῦ
1066 2162 1281 2251 Ἡφαιστίωνος

167 2263 350 2351 ἐγχειρίδιον,
373 2265 523 2349 quoniam
546 2285 586 2329 ea
603 2264 645 2328 ad
661 2264 806 2330 laborem
820 2265 947 2330 scribae
963 2267 1160 2355 insumptum
1172 2273 1280 2339 solunt

167 2383 318 2456 spectare
340 2380 460 2455 potest.
492 2370 547 2453 At,
571 2379 606 2434 ut
627 2372 740 2454 paucis
763 2371 877 2454 dicam,
902 2391 985 2456 quae
1007 2378 1159 2462 persequi
1181 2379 1279 2445 huius

165 2475 231 2540 loci
253 2495 318 2538 non
341 2483 402 2557 est,
424 2473 512 2537 aliud
535 2475 643 2557 operis
667 2472 848 2555 exemplum
871 2474 1002 2539 novisse
1025 2486 1164 2562 veteres,
1187 2470 1279 2545 eolli-

165 2580 253 2664 gitur
284 2591 350 2641 turn
385 2598 426 2640 ex
464 2576 644 2658 scripturae
682 2575 896 2659 discrepantia
930 2577 1067 2661 quadam
1101 2582 1278 2667 antiquitus

164 2678 291 2759 tradita,
315 2697 397 2761 quae
420 2697 461 2740 ex
481 2674 683 2738 librariorum
705 2678 870 2741 erroribus
893 2678 964 2743 sive
985 2679 1278 2751 halucinationhus

163 2784 269 2866 repeti
290 2802 355 2846 non
376 2791 503 2865 potest,
527 2784 556 2858 ⁷)
590 2791 658 2844 tum
681 2801 722 2843 ex
753 2781 905 2866 eoquod
938 2803 1022 2847 unus
1056 2784 1161 2850 saltim
1183 2786 1277 2853 locus

163 2908 184 2954 a
213 2890 361 2974 Longino
395 2888 511 2952 citatus
543 2887 713 2969 reperitur,
749 2886 805 2969 qui
833 2887 867 2950 in
901 2895 1055 2954 contextu
1087 2909 1175 2955 nunc
1206 2891 1277 2957 vul·

163 3004 239 3078 gato
262 2991 480 3071 desideratur,
503 2997 701 3053 monstratus
736 2989 778 3052 ab
795 2987 926 3074 Eggero
954 2990 996 3054 ad
1023 2989 1125 3077 Loug.
1147 3013 1181 3076 p.
1195 2994 1275 3059 144:

162 3093 236 3178 Περὶ
265 3094 299 3158 δὲ
329 3091 409 3178 ὅρων
441 3089 547 3176 μέτρου
580 3099 628 3155 νῦν
661 3088 749 3156 εἰπεῖν
780 3087 835 3156 οὐκ
861 3088 1034 3173 ἀναγκαῖον·
1066 3092 1157 3167 αὐτὸς
1178 3092 1275 3180 γὰρὸ

160 3193 339 3280 Ἡφαιστίων
355 3194 477 3261 αἰτιᾶται
497 3193 547 3258 τὸν
557 3190 757 3278 Ἣλιόδιορον,
781 3192 824 3259 ὅτι
844 3201 905 3269 τοῖς
924 3191 1137 3280 ἐπαρχομένοις
1151 3195 1275 3283 γράφει·

161 3310 224 3377 τοῖς
244 3300 300 3387 γὰρ
330 3298 465 3385 ἀπείροις
492 3296 544 3364 καὶ
565 3305 627 3373 τοῖς
655 3299 746 3382 μήπω
768 3306 822 3382 τῆς
857 3295 1045 3382 perpoliuntur<
1074 3297 1276 3387 γεγεοσμίνοις

162 3402 303 3471 ἀδύνατοι
330 3412 435 3490 νοῆσαι
454 3401 505 3469 τὸν
534 3399 624 3487 ὅροντ
660 3422 743 3486 quae
781 3401 846 3466 alio
887 3399 961 3465 loco
987 3421 1083 3486 quam
1114 3405 1149 3469 in
1180 3425 1275 3491 prae·

162 3508 290 3574 latione
306 3508 424 3592 aliqua,
448 3507 539 3592 operi
561 3506 751 3590 praemissa,
773 3524 859 3569 nuno
881 3503 1059 3589 deperdita,
1090 3509 1146 3572 vix
1168 3512 1274 3592 posita

161 3632 237 3678 esse
264 3621 413 3695 possunt.
458 3608 509 3674 Ex
536 3608 650 3674 eadem
682 3610 780 3673 etiam
811 3619 905 3692 sunt,
939 3629 1023 3694 quae
1045 3614 1198 3679 continuo
1220 3632 1274 3680 se·

161 3726 320 3801 quuuturr
350 3710 580 3800 Ἔτιγίγροιτττοιι
601 3713 637 3779 δὲ
658 3715 861 3800 Ἐγχειρίδιον,
890 3713 948 3800 οὔχ
970 3715 1014 3793 ὥς
1033 3742 1107 3796 τινες
1128 3717 1274 3808 bibaces

211 3903 244 3960 7)
262 3899 372 3970 lusigne
398 3898 552 3972 exemplum
578 3906 620 3954 est
650 3900 739 3972 ipsum
768 3901 861 3973 operis
885 3903 1000 3971 initium,
1026 3905 1100 3978 quod
1131 3904 1272 3980 longinus

263 3985 336 4055 tls„
355 3995 424 4042 teste
442 3987 550 4058 Eggero
567 4005 595 4060 p.
613 3990 657 4052 ⁷1,
680 3987 791 4058 plenius
812 3991 849 4043 ita
869 3997 1002 4062 praestat:
1020 3990 1131 4069 Βραχιῐί
1147 3992 1196 4050 lau
1213 3994 1272 4051 cul·

262 4071 327 4148 lull
344 4070 361 4146 l
380 4071 468 4146 ‘tvm
493 4072 571 4147 rrae
590 4081 685 4145 urta
703 4072 719 4143 i
737 4074 922 4150 trorum,
949 4076 983 4150 ri
1008 4078 1049 4134 tra
1072 4079 1155 4140 eto<
1172 4079 1271 4150 rte„

260 4153 1271 4243 weoetauaennvrrrnnornnmo

261 4241 379 4318 ὀιάρχιιν
395 4242 510 4316 cippum
526 4244 627 4298 πλείονα
646 4245 699 4307 διὸς
715 4247 805 4316 dalet,
821 4242 873 4304 ἀλλ’
891 4247 946 4323 ἦτοι
960 4247 988 4305 lu
1003 4248 1021 4328 ἡ
1037 4251 1101 4327 μηδὲ
1117 4249 1152 4306 ἓν.
