2902 4822
694 463 745 539 35

162 680 259 726 usum
274 674 448 741 numquam
464 665 596 753 recepta
612 655 755 739 videtur,
779 665 932 739 quantum
951 654 1081 743 quidem
1104 675 1145 720 ex
1168 675 1274 720 exem·

162 764 292 848 plorum
324 760 456 844 penuria
488 760 637 824 concludi
671 759 755 825 licet.
799 756 899 822 Immo
932 757 1053 840 placuit
1084 759 1112 822 0
1145 760 1275 845 longam

163 864 283 932 lineola
307 862 450 927 verticali
463 863 621 927 subducta
644 863 814 949 designare
836 862 868 923 in
889 862 975 925 hunc
994 862 1062 926 fere
1078 862 1209 927 modum
1227 863 1275 945 Q,
1376 872 1380 879 ’

164 970 206 1033 ab
224 965 383 1031 Eckhelio
406 965 461 1028 11.
480 985 546 1029 000
566 968 844 1048 praetermissum,
868 964 921 1028 vel
939 966 1035 1028 etiam
1053 965 1202 1030 breviore
1224 969 1275 1054 Q,

164 1071 304 1136 testibus
333 1069 438 1132 numis
471 1065 651 1133 Villoisono
681 1067 811 1154 Proleg.
845 1070 877 1130 in
911 1066 998 1130 lliad.
1033 1089 1066 1151 p.
1089 1067 1134 1132 Vr
1158 1072 1276 1154 citatis,

165 1174 253 1238 unde
272 1172 400 1234 demum
412 1171 515 1233 evasit
533 1172 676 1256 vulgaris
691 1172 791 1257 figura
813 1171 848 1252 Ω,
873 1191 968 1253 quam
990 1169 1119 1255 quidem
1141 1171 1277 1237 Euclide

166 1277 321 1341 archonte
332 1274 544 1357 antiquiorem
571 1295 663 1357 esse,
690 1287 766 1357 post
784 1275 866 1337 alios
886 1273 982 1336 etiam
1000 1272 1153 1338 Franzius
1175 1274 1277 1339 Elem.

139 1459 143 1465 f
167 1381 271 1462 epigr.
294 1376 348 1441 Gr.
371 1397 402 1458 p.
425 1376 469 1436 24
496 1378 631 1458 censuit,
668 1377 727 1440 sed
750 1396 814 1440 non
836 1377 870 1437 in
896 1377 1130 1467 vetustissimis
1158 1398 1278 1461 ponere

168 1480 308 1545 debebat
339 1477 615 1543 Raoul-Rochette
650 1479 670 1541 l.
694 1479 713 1542 l.
737 1501 768 1562 p.
794 1480 834 1542 15
859 1498 908 1562 sq.
938 1478 964 1555 ²)
1008 1477 1159 1543 Rotunda
1188 1501 1283 1565 vero,

168 1594 205 1648 ut
241 1581 304 1645 dici
333 1580 427 1664 solet,
462 1582 516 1644 illa
548 1583 675 1647 litterae
707 1583 812 1647 forma
848 1605 874 1644 ω
908 1601 949 1644 ex
982 1581 1036 1645 illa
1064 1581 1151 1647 nullo
1182 1595 1279 1666 paeto

169 1686 255 1750 011101
280 1685 394 1766 potuit.
437 1684 538 1750 Immo
570 1695 645 1751 nata
678 1696 739 1768 est,
771 1694 807 1749 ut
829 1686 905 1766 dixi,
937 1705 975 1748 ea
1005 1685 1135 1749 demum
1162 1698 1278 1771 aetate,

170 1809 235 1874 qua
249 1783 299 1850 'ex
325 1807 389 1871 quc
412 1789 611 1872 grammatici
639 1798 816 1873 coeperunt
837 1788 865 1850 Ο
887 1789 1016 1874 longam
1040 1800 1152 1853 contra
1178 1791 1281 1873 ipsius

169 1893 329 1956 rationem
359 1900 391 1952 et
413 1900 559 1953 naturam
582 1894 611 1967 3)
642 1912 684 1955 ex
717 1890 842 1955 duabus
866 1891 894 1955 Ο
917 1892 1070 1957 brevibus
1099 1905 1202 1957 ortam
1226 1894 1283 1956 do·

171 2015 265 2073 cere,
299 2013 339 2056 ea
372 1993 535 2057 scribendi
568 1997 651 2059 ratio
684 1996 806 2078 passim
835 1995 867 2056 in
895 1994 1162 2059 consuetudinem
1184 1998 1284 2079 venit,

172 2096 262 2182 quod
297 2093 426 2178 quidem
458 2107 532 2159 ante
565 2096 860 2162 Alexandrinorum
891 2108 1029 2160 aetatem
1062 2097 1181 2162 factum
1219 2119 1286 2162 non

173 2201 310 2262 videtur.
355 2197 435 2260 Nam
459 2201 690 2283 geminatarum
713 2199 874 2264 vocalium
902 2202 1095 2283 scripturam
1124 2203 1187 2265 iam
1211 2212 1287 2265 ante

173 2301 373 2365 Simonidem
397 2301 590 2387 obtinuisse,
627 2303 659 2366 id
694 2303 781 2386 quod
803 2301 1050 2387 Payne-Knight
1082 2303 1219 2388 Analys.
1253 2304 1293 2366 01

175 2403 287 2466 Greek
321 2402 448 2484 alphab.
484 2427 514 2487 p.
548 2407 589 2468 19
617 2416 783 2488 statuerat,
805 2406 943 2469 indubiis
978 2405 1134 2487 exemplis
1157 2406 1288 2468 demon·

175 2507 271 2568 strari
294 2506 413 2588 nequit.
447 2505 485 2571 V.
505 2508 781 2573 Raoul-Rochette
803 2509 823 2571 l.
836 2508 856 2571 l.
882 2529 913 2590 p.
938 2509 1009 2571 113.
1043 2507 1093 2570 Ex
1115 2508 1171 2571 illo
1190 2509 1289 2593 igitur

175 2609 359 2694 geminatae
375 2606 487 2672 literae
501 2631 561 2673 usu
574 2623 725 2695 coeptum
744 2612 889 2676 scribere
907 2634 952 2691 oo,
976 2610 1063 2693 quod
1078 2613 1111 2674 in
1126 2611 1288 2676 nonnullis

176 2712 284 2775 numis
305 2719 390 2774 teste
419 2710 559 2777 Raschio
582 2717 712 2796 visitur,
737 2717 822 2778 unde
849 2716 986 2798 posthac
1012 2717 1116 2779 evasit
1140 2739 1177 2799 01,
1201 2715 1289 2800 quod

106 2902 108 2905 Ι
176 2815 367 2899 praesertim
391 2816 521 2878 cursivo
544 2817 707 2880 scribendi
737 2820 848 2902 generi
871 2827 979 2898 aptum
1009 2816 1111 2881 videri
1135 2818 1289 2881 debebat:

178 2917 266 2981 unde
288 2915 440 2999 frequens
463 2919 534 2982 eius
556 2921 589 2982 in
611 2923 742 3005 papyris
765 2921 976 3004 Aegyptiacis
999 2940 1079 2985 usus
1101 2922 1206 2984 factus
1230 2929 1290 2983 est.

285 3153 386 3206 Comm.
405 3153 439 3207 de
458 3152 634 3221 inscriptione
653 3148 924 3204 Phoenicio-Graeca
949 3167 974 3220 p.
994 3152 1036 3201 11.
1071 3145 1175 3202 Omitto
1199 3149 1291 3204 sciens

285 3239 367 3293 aliam
393 3239 476 3293 huius
501 3238 611 3291 litterae
638 3236 760 3306 speeiem
789 3237 857 3291 11001
888 3237 1091 3308 perantiquam,
1124 3236 1151 3287 10
1185 3251 1238 3306 qua
1266 3233 1290 3288 0

285 3331 425 3395 comparet
442 3324 515 3377 linea
532 3329 689 3376 transversa
707 3338 761 3375 una
778 3323 824 3376 vel
843 3325 924 3377 etiam
944 3320 1051 3374 duabus
1076 3323 1169 3375 crucis
1187 3323 1215 3373 10
1233 3336 1293 3373 mo·

234 3428 237 3430 ·
286 3412 349 3465 dum
375 3409 521 3473 confossa,
551 3409 630 3462 cuius
662 3409 789 3479 exempla
814 3410 918 3464 notarit
942 3404 1185 3461 Raoul·Rochstte
1213 3404 1293 3459 Deus

286 3502 384 3556 lettres
402 3514 450 3554 sur
467 3497 510 3550 les
528 3496 704 3564 inscriptions
723 3495 757 3548 de
776 3493 923 3549 Fourmont
939 3511 967 3564 p.
988 3496 1045 3548 11⁷.

236 3604 379 3668 0110001
406 3606 499 3654 notatu
518 3598 625 3665 dignus,
656 3613 709 3649 nec
733 3605 824 3650 tamen
851 3597 948 3649 101100
971 3595 1140 3664 quaestione,
1166 3598 1294 3661 quantum

287 3692 384 3755 sciam,
396 3687 485 3741 adhuc
498 3689 605 3736 notatus
616 3688 703 3736 exstat
713 3684 741 3734 in
751 3683 873 3736 Platonis
886 3679 1000 3733 Phaedr.
1019 3682 1053 3730 48
1068 3680 1106 3748 (p.
1121 3679 1180 3728 244.
1192 3676 1236 3741 C),
1250 3676 1296 3730 ubi

290 3776 363 3850 quod
376 3781 487 3830 veteres
500 3770 545 3845 rip
556 3767 707 3842 oioso'tcrrslp
724 3767 857 3823 dixissent
866 3772 956 3821 narrat
970 3765 996 3818 id
1008 3766 1177 3836 posteriores
1191 3759 1225 3831 (cl
1236 3762 1297 3832 slot)

286 3860 434 3934 01011011κὴ1
452 3855 617 3928 appellasse,
633 3854 661 3907 τὸ
678 3853 703 3909 ‹T›
719 3855 886 3928 repulsorem:
911 3852 984 3925 quod
1008 3850 1101 3903 dicere
1118 3864 1173 3901 000
1191 3856 1299 3919 poterat
1325 3900 1327 3905 ,

289 3947 377 4013 Ρ1010,
395 3948 451 4000 nisi
476 3944 579 4010 figurae
598 3957 652 3996 000
671 3945 707 3996 110
727 3942 834 4014 pridem
852 3945 881 3995 10
908 3955 987 3992 usum
1011 3943 1141 4006 receptae
1165 3937 1297 3989 rationem
1396 3942 1402 3948 ‘

293 4033 428 4098 habehat,
453 4028 526 4100 quod
544 4043 611 4080 vero
630 4029 721 4082 multis
739 4032 818 4082 annis
836 4033 899 4100 post
923 4025 1017 4077 dicere
1042 4021 1176 4075 absonum
1193 4022 1299 4075 suisset.

291 4120 345 4186 Qui
363 4119 442 4172 locus
458 4132 512 4169 non
532 4114 703 4184 spernendus
720 4114 827 4168 videtur
852 4117 880 4167 in
898 4112 946 4164 lite
965 4110 999 4162 de
1019 4113 1119 4171 aetate,
1145 4122 1197 4177 qua
1215 4106 1299 4159 Phae·

294 4206 373 4259 drum
391 4203 468 4257 Plato
482 4201 686 4269 conscripserit,
705 4198 795 4252 adhuc
813 4215 866 4252 non
885 4197 1042 4266 composita.

172 4364 174 4368 ,
242 4313 272 4375 3)
290 4307 328 4363 V,
349 4303 531 4374 Ronnycastle
558 4301 693 4354 Classical
714 4299 878 4357 Μ111.1849.
901 4299 991 4354 ’Fasc
1012 4301 1052 4348 25.
1074 4313 1100 4364 p.
1120 4297 1180 4348 290.

1043 4384 1064 4447 3
1078 4385 1090 4408 2
