2902 4822
236 647 295 728 cis,
314 644 385 710 ‘sed
416 645 486 709 aliis
518 663 647 728 quoque
669 651 815 706 veterum
849 641 978 724 scriptis
1007 650 1092 705 teste
1114 615 1286 707 Eustathio
1307 642 1353 709 od'

236 747 321 812 lliad.
346 771 371 828 ν,
393 749 469 815 730.
491 769 521 831 p.
544 749 608 811 957
631 747 817 827 adhibitum,
841 745 881 808 ab
904 745 1084 808 Aristarchi
1107 744 1181 809 inde
1201 751 1350 830 ternpore

236 850 484 935 proverbialiter
506 851 546 914 de
578 851 692 935 quavis
715 847 853 932 ἀθετήσει
874 849 969 912 etiarn
991 849 1023 910 in
1046 849 1117 912 aliis
1139 848 1247 913 multis
1267 849 1351 914 litte·

126 1020 133 1028 Ι
237 974 345 1017 rarum
377 955 551 1039 generibus
585 954 705 1017 dictum
737 963 786 1016 est
808 961 905 1034 atque
928 952 1111 1014 etiamnunc
1140 970 1198 1016 ore
1222 953 1351 1016 critico-

237 1078 309 1121 rum
341 1058 511 1140 retinetur,
536 1060 563 1137 ³)
604 1057 736 1146 contigit
776 1074 932 1119 summam
967 1074 1047 1119 usus
1085 1055 1125 1118 ab
1157 1055 1350 1121 Aristarcho

237 1161 359 1223 inhibiti
383 1180 424 1223 ex
455 1162 639 1223 testimonio
669 1160 923 1223 luculentissimo
953 1177 1166 1243 cognoscere,
1197 1159 1286 1244 quod
1307 1178 1351 1222 ex

237 1263 309 1328 cod.
333 1262 458 1326 Veneto
489 1284 588 1347 supra
611 1264 681 1345 §.6
710 1266 870 1347 integrum
901 1262 1147 1345 descripsimus·
1188 1261 1262 1327 Hoc
1283 1261 1351 1327 col-

236 1367 301 1431 lato
325 1387 423 1451 quum
444 1369 581 1452 primum
604 1367 788 1447 doceamur,
812 1365 1037 1429 Aristarchum
1053 1385 1092 1429 eo
1112 1369 1350 1452 signominime

236 1472 373 1554 primum
406 1492 500 1535 usum
535 1491 620 1552 esse,
651 1470 710 1534 sed
743 1469 776 1530 id
808 1488 849 1530 ex
871 1467 1039 1551 disciplina
1062 1467 1221 1532 Zenodoti
1254 1490 1350 1534 suum

235 1573 355 1638 fecisse
378 1573 442 1648 (τὸν
465 1573 499 1637 δὲ
522 1570 627 1655 ὄβελὸν
657 1575 763 1653 ἔλαβεν
792 1569 826 1634 ἐκ
847 1579 900 1656 τῆς
932 1568 1098 1656 Ζηνοδότοο
1128 1569 1348 1657 διορθώσεως),

238 1696 302 1760 qua
323 1676 364 1739 de
386 1697 422 1739 re
445 1697 543 1759 supra
567 1685 596 1750 §-
617 1679 662 1740 23
685 1676 802 1739 dictum
826 1687 887 1756 est,
910 1676 977 1738 tuni
1003 1670 1075 1738 'eius
1098 1676 1181 1760 signi
1202 1677 1253 1741 ris
1275 1677 1350 1742 talis

237 1797 312 1844 esse
335 1778 461 1860 dicitur,
486 1790 519 1842 ut
541 1800 669 1861 versus,
700 1782 752 1842 cui
775 1779 957 1862 appositum
980 1788 1079 1861 esset,
1113 1776 1244 1842 Homeri
1274 1798 1350 1844 esso

240 1892 425 1966 negaretur,
460 1880 576 1968 diguus
606 1883 736 1967 quidem
759 1885 813 1967 qui
847 1903 887 1945 ex
910 1900 1048 1963 corpore
1077 1882 1227 1946 carminis
1255 1883 1353 1967 quasi

238 1995 384 2048 mortuus
414 2004 456 2047 ex
487 1996 582 2049 coetu
616 1977 778 2049 hominum
813 1984 1047 2068 expelleretur,
1081 1986 1207 2048 interim
1242 1999 1350 2057 tamen

237 2089 444 2152 retineretur:
468 2109 562 2173 quam
577 2091 732 2152 rationem
747 2089 843 2170 obeli,
866 2090 898 2150 in
911 2089 1027 2151 ceteris
1038 2088 1206 2171 insipiens,
1229 2090 1357 2173 quippe.

238 2192 293 2276 qui
325 2193 409 2276 quae
442 2192 482 2256 de
505 2212 567 2255 usu
590 2192 673 2255 obeli
696 2194 728 2254 in
750 2192 880 2274 scriptis
903 2192 1005 2255 sacris
1037 2191 1180 2255 adhibito
1206 2193 1239 2254 in
1261 2201 1351 2256 corn·

162 2354 164 2359 .
236 2306 330 2379 perto
350 2295 491 2376 haberet,
515 2294 555 2358 ad
568 2293 773 2359 Homericum
795 2305 908 2377 aperte
926 2294 1125 2376 transferret,
1147 2296 1352 2359 vere'tamon

237 2397 288 2463 his
311 2400 473 2462 enarravit
503 2395 737 2463 Grammaticus
769 2397 912 2462 Bekkeri
940 2397 1064 2460 Anecd.
1092 2395 1129 2461 Τ.
1152 2398 1188 2460 ll.
1211 2418 1245 2482 p.
1266 2398 1351 2463 ⁷68:

238 2498 341 2586 ἐπειδὴ
365 2498 399 2565 δέ
420 2523 494 2575 τινες
514 2509 573 2564 τῶν
597 2499 815 2583 σοναηαηόντινν
837 2500 908 2574 τοὺς
926 2498 1110 2584 Ὁμηρικοὺς
1132 2501 1253 2584 στίχους
1274 2498 1359 2586 πρὸς·

237 2601 287 2668 τὸν
317 2605 522 2688 Πεισίστρατον
556 2600 605 2667 διὰ
632 2603 667 2667 τὸ
696 2605 817 2669 πλείονα
842 2603 948 2689 μισθὸν
977 2605 1076 2683 λαβεῖν
1097 2601 1148 2668 καὶ
1169 2601 1263 2680 ἰδίους
1284 2605 1351 2670 στί-

237 2730 329 2791 χους.
342 2756 369 2772 ..
392 2703 571 2791 σκεψάμενοι
592 2704 795 2790 προσέθηκαν,
817 2705 869 2773 καὶ
900 2707 962 2792 ἤδη
993 2703 1023 2770 ἐν
1051 2709 1194 2794 συνηθείᾳ
1220 2705 1351 2792 ἑηίνοντο

237 2819 299 2885 τοῖς
320 2808 575 2892 ἀναγινώσκουσιν,
599 2807 654 2874 οὐκ
679 2811 771 2876 ἔλαθε
791 2819 877 2876 τοῦτο
897 2811 966 2885 τοὺς
987 2807 1102 2894 κριτάς,
1125 2807 1204 2877 αλλὰ
1228 2807 1280 2876 διὰ
1300 2808 1352 2895 μὲν

237 2915 288 2998 τὴν
311 2915 465 2998 συνήθειαν
486 2912 537 2978 καὶ
558 2912 706 3000 πρόληψιν
729 2911 846 2999 ἀφῆκαν
877 2912 984 2989 αὐτοὺς
1010 2918 1145 2995 κεῖσθαι,
1176 2911 1353 2997 ὀβελίσκονς

240 3015 275 3081 δὲ
297 3013 417 3104 ἑκάστῳ
439 3025 498 3082 τῶν
521 3015 672 3102 ἀδοκίμων
694 3016 745 3082 καὶ
766 3014 930 3101 ἀλλοτρίων
959 3016 1009 3083 καὶ
1036 3015 1164 3092 ἀναξίων
1183 3024 1237 3083 τοῦ
1258 3038 1351 3102 ποιη-

239 3127 292 3184 τοῦ
313 3122 424 3202 στίχων
446 3118 679 3205 παρατιθέμενοι,
701 3130 788 3188 τοῦτο
809 3119 881 3186 αὒτὸ
904 3119 1065 3194 ἐνδείξαιντο
1087 3119 1133 3196 ὡς
1163 3117 1278 3195 ἀνάξιοί
1297 3117 1358 3187 εἰσι·

240 3228 293 3287 τοῦ
310 3218 457 3306 Ὁμήρου.
489 3224 572 3288 'lum
583 3227 763 3311 fragmento
784 3226 839 3288 illo
852 3224 978 3288 Veneto
998 3226 1154 3290 docemur
1171 3225 1212 3288 de
1231 3223 1352 3308 duplici

242 3325 311 3389 eius
334 3338 431 3390 notae
452 3327 499 3391 vi:
531 3330 667 3411 primum
701 3339 737 3393 ut
767 3330 950 3414 designaret
982 3348 1110 3412 versus,
1144 3327 1265 3413 quihus
1296 3326 1352 3390 ali·

240 3429 328 3511 quod
352 3430 581 3513 contineretur,
605 3433 692 3516 quod
712 3445 801 3498 recte
817 3432 887 3496 fieri
905 3434 1070 3517 nequiret,
1104 3434 1196 3496 cuius
1218 3429 1356 3495 rationis

240 3532 424 3616 exemplum
446 3534 593 3600 laudatur
615 3535 733 3622 Odyss.
756 3538 786 3620 λ,
809 3537 887 3600 603:

341 3632 477 3720 τέρπεται
499 3637 527 3702 ἐν
550 3640 639 3726 θαλίη
662 3637 713 3704 καὶ
733 3641 800 3723 ἔχει
821 3639 1021 3723 καλλίσφυρον
1036 3637 1144 3724 Ἥβην,

241 3759 324 3822 quae
346 3742 430 3804 enim
453 3746 645 3827 sempiterna
668 3755 799 3829 putetur
821 3745 932 3829 virgo,
965 3762 1036 3805 earn
1066 3741 1275 3807 Aristarchus
1293 3742 1353 3806 'ne-

240 3853 295 3925 gat
318 3843 439 3909 nuhere
462 3849 734 3931 cuiquam-posse
766 3843 921 3926 (ἀδύνατον
942 3843 999 3929 γὰρ
1028 3845 1080 3930 τἠν
1105 3848 1250 3928 διηνεκῶς
1269 3866 1352 3930 παρ-

241 3940 326 4009 θένον
360 3946 600 4033 παραδεδομένην
634 3951 842 4034 γεγαμῆσθαι).
896 3947 995 4013 Cuius
1031 3949 1247 4012 adnotationis
1279 3948 1354 4012 Ari·

241 4050 401 4119 starchiae
430 4053 551 4117 nullum
576 4056 608 4116 in
631 4054 771 4119 Scholiis
802 4053 954 4117 Ambros
988 4064 1152 4117 servatum
1181 4063 1232 4116 est
1254 4051 1353 4116 vesti·

257 4230 261 4237 Ι
293 4276 322 4345 3)
341 4228 474 4342 λίπΤιξοα
491 4275 534 4331 De
551 4276 636 4347 prium
654 4272 796 4344 scribendi
813 4273 929 4348 origine,
946 4272 1090 4340 Ultraiccti
1109 4273 1185 4326 trau
1196 4288 1237 4344 p,
1256 4242 1316 4328 170.
