2902 4822
531 398 537 411 ’
616 542 622 547 ,
661 449 757 524 211¹

144 643 170 708 οἱ
192 642 244 728 μὲν
263 641 304 718 εἰς
325 642 391 727 μίαν
415 640 542 714 σύνταξιν
563 639 614 706 καὶ
635 641 701 725 μίαν
723 637 804 706 ἰδέαν
821 638 859 707 τδι
881 639 947 727 εἴδη
966 639 1018 708 καὶ
1036 641 1079 710 τδι
1091 641 1182 732 μάρια
1200 653 1254 733 τῆς

144 750 228 831 ζωῆς
250 746 301 811 καὶ
321 745 359 811 τά
381 744 560 830 ἐνεργήματα
576 742 768 826 συνάγοντες.
783 793 811 810 ..
835 744 863 811 οἱ
880 745 914 810 δὲ
934 744 969 812 ἐκ
986 746 1161 832 μαχομένων
1177 747 1254 816 αιίτά

144 849 383 936 συνάρμάζοντες,
402 849 505 933 ὥσπερ
525 848 553 914 οἱ
568 846 637 931 περὶ
650 843 785 912 Ἀττικὸν
799 850 826 930 ⁸)
844 847 895 914 καὶ
904 849 1106 936 Πλούταρχον.
1131 853 1253 919 Ibidem

143 976 173 1037 p.
188 957 268 1019 908:
286 953 354 1018 Ἔτι
365 975 399 1035 γε
416 953 470 1037 μὴν
494 951 524 1016 αἱ
541 949 673 1035 καδαραὶ
692 949 786 1036 ψυχαὶ
804 950 855 1016 καὶ
870 953 978 1018 τελείαν
996 959 1142 1040 καθαρῶς
1161 953 1254 1022 εἷσυι.

143 1060 271 1133 στίζονται
292 1055 333 1132 εἷς
354 1054 392 1120 τὰ
413 1055 547 1139 σώματα,
570 1055 638 1120 ἄνευ
661 1052 846 1140 παθημάτων
868 1054 993 1142 καὶτῆς
1013 1058 1185 1143 στερήσεως
1201 1067 1254 1126 τοδ

142 1170 231 1227 νοεὶν·
253 1161 283 1226 αῖ
306 1156 331 1225 δ
355 1158 477 1224 ἐναντίαι
498 1157 641 1231 ἐναντίως.
671 1153 800 1237 Ἀττικῷ
820 1157 854 1222 δὲ
873 1155 937 1242 [καὶ
954 1169 1015 1234 τοῖς
1028 1159 1144 1247 ἄλλοις]
1167 1165 1253 1229 lna.

143 1273 276 1339 τωνικοῖς
297 1261 333 1328 οὒ
358 1265 509 1328 συνδοκεῖ·
539 1256 607 1326 ταδ’
631 1262 683 1326 ἕνα
705 1259 739 1324 δὲ
768 1259 876 1344 τρόπον
900 1262 1078 1339 συντεάΕεως
1105 1263 1159 1340 τὰς
1179 1263 1254 1342 tta<

145 1363 326 1451 ψυχὰςτοῖς
353 1365 470 1450 σώμασι
496 1363 667 1447 συνάγουσιν
698 1363 843 1437 ὡσαύτως
867 1361 913 1429 ἀεὶ
933 1364 985 1449 μὲν
1012 1365 1064 1434 καὶ
1085 1365 1134 1435 oe
1154 1366 1256 1454 πάσης

144 1468 385 1555 ἐνσωματάσεως
406 1478 465 1534 τῶν
488 1473 594 1553 ψυχῶν
615 1464 858 1552 προδποτιδέντες
879 1468 930 1552 τὴν
953 1470 1058 1552 άλογον
1080 1470 1131 1537 καὶ
1151 1476 1253 1557 πλημ-

144 1577 219 1659 μελη
242 1572 292 1638 καὶ
312 1575 413 1639 ἔνυλον
437 1572 545 1657 ψυχήν,
577 1569 606 1634 ἐν
629 1569 704 1656 αὐτῇ
732 1569 765 1635 δὲ
787 1570 1047 1659 κατακοσμουμένη
1070 1576 1121 1659 τὴν
1144 1599 1253 1642 κοινω-

143 1678 204 1740 νίαν
225 1685 279 1762 τῆς
298 1681 420 1760 λυηιιιῆς
441 1672 650 1758 ἐπεισάγοντες.
694 1674 869 1738 Postremo
896 1695 936 1739 ne
966 1678 1043 1760 quid
1071 1681 1255 1747 omittemus

145 1779 230 1863 quod
263 1780 304 1843 ad
334 1781 476 1842 Atticum
508 1781 594 1842 buno
623 1779 785 1861 pertinere
806 1793 907 1860 posse
935 1780 1092 1864 videntur,
1116 1803 1256 1849 comme·

144 1895 309 1946 morantur
340 1884 381 1946 ab
419 1883 650 1967 Olympiodoro
686 1902 719 1964 p.
752 1881 795 1945 83
825 1893 857 1944 et
886 1882 929 1947 94
957 1884 1040 1948 inter
1072 1885 1255 1953 Platonico·

144 2007 214 2049 rum
229 1979 233 1983 ’
246 1986 430 2070 dogmatum
463 1988 655 2068 interpretes
683 1977 813 2048 Ἀττικοὶ
844 1981 993 2068 ἐξηγηταί,
1027 1990 1082 2071 qui
1099 1981 1152 2054 ¹an
1180 2011 1255 2056 cum

145 2090 254 2151 Attico
277 2089 396 2172 aliquid
429 2108 599 2154 commune
622 2087 761 2151 habeant
792 2087 977 2171 ambiguum
1000 2100 1060 2153 est.
1104 2090 1256 2177 Possem,

145 2193 171 2255 si
191 2186 364 2256 Ἀττικιανοὶ
382 2193 590 2271 scriberetur,
613 2190 747 2276 intelligi
769 2192 973 2274 interpretes,
998 2193 1115 2276 quiex
1140 2194 1256 2261 schola

144 2293 196 2357 vel
220 2295 387 2378 disciplina
409 2297 509 2360 Attici
532 2295 667 2377 protecti
689 2305 809 2360 essent.

645 2459 675 2525 ς.
704 2450 758 2517 69.

414 2576 657 2634 lte-Diodoro
686 2573 816 2632 Siculo
842 2578 979 2635 notato.

231 2710 322 2791 Quos
345 2710 477 2775 codices
509 2709 563 2774 vel
585 2729 668 2794 quae
696 2720 841 2774 veterum
870 2710 1053 2792 testimonia
1082 2709 1255 2780 Reinesiuu
1365 2761 1370 2764 -

144 2816 175 2877 in
199 2825 305 2877 mente
326 2813 486 2896 babuerit,
510 2835 608 2898 quum
631 2824 664 2878 et
684 2814 771 2878 huno
792 2814 983 2896 scriptorem
1012 2814 1088 2878 olim
1110 2827 1256 2882 notatum

144 2918 327 2998 affirmaret,
350 2936 413 3001 ego
436 2917 563 3001 quidem
586 2919 712 3000 ignoro.
746 2915 828 2980 Nom
850 2934 915 2978 non
937 2917 1129 2982 crediderim
1150 2919 1256 2983 virum

145 3023 274 3085 minime
295 3023 438 3104 ineptum
460 3023 501 3085 iis
522 3021 625 3106 signis
648 3021 754 3103 decipi
776 3020 934 3103 potuisse,
958 3021 1096 3104 quaein
1118 3019 1254 3106 Stepha-

200 3232 230 3299 δ)
247 3230 341 3285 Potest
358 3231 418 3300 ipse
436 3226 546 3280 Atticus
563 3225 680 3295 intelligi
697 3222 828 3295 loquendi
847 3238 950 3293 genere
969 3224 1114 3279 tralatitio:
1140 3231 1257 3296 possunt

251 3333 317 3371 vero
336 3317 417 3370 etiam
436 3312 561 3367 assectae
582 3313 651 3378 eius,
674 3320 702 3364 ut
722 3312 908 3382 Harpocratio,
934 3312 980 3382 qui
999 3311 1152 3382 discipulus
1169 3311 1255 3376 Attiei

251 3402 338 3457 fuisse
357 3400 479 3465 traditur,
498 3416 513 3451 a
531 3397 631 3452 Proeto
648 3400 676 3450 in
695 3395 835 3452 Timaeum
859 3413 887 3467 p.
899 3399 947 3465 Ι93,
965 3412 1046 3466 quem
1063 3413 1118 3451 non
1137 3395 1257 3450 debebat

252 3490 408 3544 Hecrenius
421 3487 454 3541 od
470 3483 548 3540 Stob.
570 3484 627 3538 Eoi.
645 3483 725 3555 phys.
744 3501 771 3555 p.
780 3483 841 3538 897.
855 3484 971 3552 Augusti
986 3483 1116 3540 Caesari·
1133 3482 1255 3536 semilis·

248 3593 305 3630 rem
325 3575 432 3641 dicere,
448 3571 551 3627 Suidae
569 3571 640 3624 nole
659 3570 789 3631 confisus,
806 3572 853 3640 qui
870 3570 971 3622 vitiose
985 3567 1105 3643 Καίσαρος
1117 3565 1254 3640 ωηβιιδτηιι

246 3663 376 3733 appellat,
399 3677 480 3732 quum
499 3674 570 3729 quae
595 3656 666 3713 idem
692 3673 755 3710 oum
773 3655 896 3708 Eudoeiu
920 3656 947 3706 ei
971 3654 1066 3708 tribuit
1092 3661 1207 3724 quatuor
1224 3660 1255 3708 et

246 3750 343 3818 viginti
361 3746 523 3820 ὑπομνήματα
539 3743 573 3802 εἰς
590 3741 720 3810 Πλάνσνα,
736 3759 792 3798 nou
810 3741 915 3812 possint
928 3741 1047 3808 disiungi
1065 3739 1100 3793 ab
1118 3740 1172 3794 boe
1185 3738 1253 3792 Eur·

247 3837 406 3907 pocrutione
428 3832 580 3894 Platonico,
604 3831 685 3883 cuius
708 3829 743 3882 de
766 3836 855 3887 aetate
878 3829 983 3882 nullum
1009 3833 1052 3884 est
1068 3824 1188 3880 dubium.
1218 3823 1252 3879 Vz

249 3920 341 3978 Barth.
362 3920 393 3974 nd
411 3918 482 3972 Aen.
500 3916 564 3971 Gaz.
589 3935 616 3989 p.
633 3920 677 3972 9⁷.
701 3923 730 3970 et
749 3915 897 3970 Cousinum
924 3917 941 3970 Ι.
961 3915 980 3968 Ι.
998 3931 1024 3986 p.
1045 3913 1102 3965 148.
1136 3909 1180 3966 De
1198 3925 1254 3982 quo

248 4005 411 4080 philosopho
431 4011 541 4077 praeter
557 4003 647 4057 locum
662 4001 775 4056 Stobaei
790 4002 872 4055 modo
886 3999 1023 4054 laudatum
1037 3996 1073 4055 ei.
1087 3998 1171 4051 elium
1184 3997 1254 4055 ibid.
1316 4030 1321 4038 ·

249 4111 276 4165 p.
294 4097 355 4146 ⁹12
373 4098 402 4144 et
419 4089 508 4144 Fiulrb
526 4087 769 4160 ud01yrnpiodori
787 4087 881 4144 Sobel.
903 4087 932 4140 in
949 4085 1051 4140 Pbued.
1068 4102 1096 4157 p.
1114 4087 1174 4140 tto.
1201 4083 1253 4138 Pa·

248 4182 346 4234 terim
358 4176 551 4248 pbilosopbum
564 4172 599 4229 ub
613 4175 710 4230 eodem
724 4173 920 4246 Otympiodoru
941 4187 995 4226 unu
1013 4175 1253 4229 commemoratu

249 4267 280 4324 in
296 4265 384 4325 tutu
400 4262 546 4337 discipulis
564 4277 616 4317 eur
632 4277 687 4319 nou
704 4261 824 4319 retem
839 4258 908 4317 alibi
923 4259 1022 4319 dham.

978 4345 1049 4412 14·
