2902 4822
695 425 749 505 13

166 627 312 722 εἴληπται,
342 633 387 714 ὥς
406 634 493 706 οἱονεὶ
523 636 678 723 χίβοηλον,
706 635 735 705 οἱ
766 633 937 724 ἔτυμολόχοι
964 637 1116 722 δηλοῦσιν·
1159 633 1195 723 ἦν
1224 633 1276 722 μὲν

166 737 225 826 γὰρ
247 739 352 826 καιρὸς
373 738 423 808 ὅτι
440 737 598 827 Ἀθηναῖοι
622 749 783 826 προσεῖχον
804 749 866 816 τοῖς
897 741 991 822 Χίοις,
1013 738 1091 806 ὥστε
1111 736 1162 806 καὶ
1182 740 1275 807 θύον-

165 865 215 918 τες
241 843 369 930 ηὔχοντο
401 842 503 929 ἀγαθὰ
529 842 665 929 γενέσθαι
695 843 796 920 αὐτοῖς
830 842 880 912 καὶ
910 852 973 919 τοῖς
1000 843 1100 919 Χίοις·
1128 843 1221 908 ἔπεσε
1241 841 1276 908 δέ

166 969 240 1014 τοτε
259 945 360 1022 αὐτοῖς
387 947 438 1016 καὶ
464 949 566 1024 ἄλλους
586 946 625 1014 τὰ
643 955 698 1034 της
723 949 827 1033 τύχης,
848 946 898 1016 καὶ
925 947 1075 1034 ἐμισοῦντο
1097 945 1155 1013 ὑπὸ
1174 942 1275 1031 Ἀθη-

166 1051 256 1117 ναίοιν
289 1049 317 1117 οἱ
347 1053 430 1118 Χῖοι·
458 1051 509 1119 ὅτε
537 1049 589 1118 καὶ
616 1058 671 1118 τοῦ
701 1048 893 1136 χαράγματος
923 1049 994 1119 ὅσον
1029 1049 1151 1136 ἀχρεῖον
1180 1046 1216 1136 ἧν
1245 1045 1276 1114 tv

162 1147 320 1239 Ἀθήναις,
342 1151 496 1238 χιάζοντες
516 1155 544 1222 οἱ
564 1159 680 1222 πολῖται
699 1153 829 1222 τουτέστι
856 1156 891 1222 τὸ
911 1191 930 1246 χ
969 1164 1111 1240 στοιχεῖον
1134 1151 1276 1220 hernod-

166 1279 248 1342 μενοι
277 1255 463 1343 ἔσημειουντυ
490 1256 588 1334 οὕτως
623 1265 678 1325 τοῦ
705 1256 852 1344 κέρματος
882 1257 1064 1345 φαυλότητα,
1093 1254 1278 1343 αἰνιττόμενοι

167 1357 215 1435 ὥς
246 1358 342 1435 οὕτως
362 1358 591 1445 ’ἆτοβάλλονται
624 1359 676 1427 καὶ
707 1362 777 1437 τοὺς
809 1363 900 1438 Χίους
932 1360 974 1428 ὧν
1002 1358 1146 1447 κατάρχει
1174 1359 1225 1425 τὸ.
1241 1377 1276 1450 χ·

166 1461 219 1530 καὶ
239 1460 408 1548 ὠνομάζετο
428 1465 464 1530 τὸ
490 1472 619 1531 τοιοῦτον
639 1461 767 1550 νόμισμα
797 1467 937 1551 κίβδηλον
972 1461 1195 1549 Ἰοινικώτερον,
1233 1463 1278 1539 ὡς

168 1563 255 1634 οἱονεὶ
275 1569 409 1652 χίδηλον,
438 1565 458 1635 ὅ
486 1566 548 1634 ἐστι
569 1568 748 1654 δηλούμενον
779 1567 827 1634 διὰ
846 1576 899 1635 τοῦ
926 1569 963 1658 ᾖ,
984 1564 1201 1642 πλεονάσαντος
1224 1571 1279 1633 τοῦ

166 1673 253 1757 βΐητα,
287 1669 338 1737 διὰ
373 1680 477 1757 φωνῆς
509 1673 606 1756 ὄγκον.
649 1671 692 1738 Ut
725 1694 808 1758 quae
840 1675 881 1738 de
914 1672 992 1738 Chia
1024 1674 1149 1758 origine
1181 1670 1277 1736 huius

168 1774 363 1840 characteris
399 1777 536 1839 nummis
562 1776 682 1860 spuriis
705 1777 854 1862 impressi
886 1777 1120 1843 referunturin
1142 1773 1278 1839 somniis

166 1879 356 1961 referamus,
379 1890 484 1943 tamen
498 1879 538 1944 de
551 1899 587 1943 re
598 1881 685 1964 ipsa,
702 1902 795 1965 quam
809 1880 994 1946 Eustathius
1007 1878 1048 1943 de
1065 1879 1202 1943 nummis
1213 1878 1277 1941 isto

166 1982 265 2047 modo
287 1983 422 2069 signatis
443 1983 553 2066 refert,
579 2003 643 2050 nou
665 1985 761 2050 video
783 2006 843 2050 eur
862 1983 1070 2049 dubitandum
1090 1984 1142 2064 sit,
1166 1999 1276 2066 quam·

167 2107 264 2173 quam
296 2087 404 2152 nuilus
430 2087 677 2157 Atheniensium
708 2110 856 2154 nummus
879 2108 952 2152 eam
975 2087 1118 2172 speeiem
1139 2103 1218 2170 prae
1240 2102 1277 2148 se

166 2192 286 2275 serens,
309 2202 462 2280 quantum
484 2193 595 2277 seiam,
618 2193 724 2258 adhue
745 2192 851 2259 lucem
873 2191 964 2258 vidit.
1167 2188 1168 2192 ’

665 2336 694 2406 s.
721 2330 773 2395 22.

588 2455 651 2515 Ῑλυ
672 2457 860 2529 uergere

253 2584 419 2670 Expositis
441 2587 491 2653 his
521 2587 625 2654 trihus
655 2600 803 2654 notarum
826 2589 1012 2677 generibus,
1044 2586 1278 2666 Aristarchum,

166 2688 208 2754 ad
231 2710 325 2774 quem
348 2701 506 2776 revertor,
522 2737 524 2743 ,
540 2693 604 2757 iam
626 2703 714 2777 patet
744 2695 873 2759 minime
904 2696 1044 2779 primum
1074 2694 1187 2772 fuisse,
1224 2687 1280 2772 qui

166 2795 298 2876 seriptis
328 2806 473 2859 veterum
495 2797 589 2880 signa
621 2797 805 2880 apponendi
833 2819 928 2864 usum
957 2798 1169 2883 regulamque
1190 2794 1280 2857 inve·

166 2897 266 2980 nerit3
289 2897 385 2960 immo
408 2898 440 2962 in
463 2899 575 2964 sehoia
597 2902 877 2985 grammaticorum
908 2901 1129 2967 Alexandrina
1151 2917 1192 2960 ne
1213 2895 1280 2979 pri·

166 3019 241 3064 ntus
262 2999 390 3083 quidem
414 2999 483 3085 fuit,
507 3003 563 3086 qui
585 3021 680 3068 usum
703 3003 790 3068 ilium
812 3006 937 3070 iamiam
959 2997 1124 3068 inventum
1153 2999 1194 3065 ad
1218 2999 1280 3064 eri·

166 3103 263 3167 tieem
296 3103 427 3186 seriptis
456 3107 660 3189 antiquorum
693 3106 906 3172 adhibendam
939 3107 1134 3173 traduxerit:
1180 3119 1279 3187 quam

168 3208 279 3290 operis
307 3206 434 3271 laudem
463 3209 526 3292 ipsi
555 3211 801 3293 praeripuerunt
821 3211 1010 3278 Zenodotus
1033 3220 1066 3275 et
1087 3206 1280 3289 Aristopha-

167 3330 238 3375 nes.
281 3307 333 3375 De
366 3312 485 3395 quibus
518 3325 709 3397 anteaquam
732 3313 850 3399 dicam,
885 3315 988 3380 verbo
1021 3311 1173 3377 memoria
1210 3310 1280 3388 eius

167 3413 346 3498 repetenda
369 3426 431 3497 est,
453 3415 508 3499 qui
530 3416 563 3479 in
585 3426 655 3480 tote
677 3419 741 3483 hee
762 3429 954 3504 argumento
976 3436 1014 3483 ae
1037 3415 1227 3500 praesertim
1248 3412 1281 3474 in

166 3514 241 3601 ipse
264 3515 407 3598 Homero
429 3519 547 3583 ceteris
569 3519 728 3601 omnihus,
752 3541 836 3605 ques
855 3523 1016 3603 novimus,
1038 3513 1281 3584 adnotaterihus

167 3619 273 3684 saeem
302 3620 497 3704 praetulisse
525 3624 683 3706 videatur,
713 3624 883 3710 Leegerae
900 3621 1109 3710 Syracusani,
1144 3618 1186 3680 de
1216 3634 1281 3699 quo

168 3720 313 3788 isidorus
336 3721 425 3808 θείς.
448 3721 472 3806 Ι,
502 3725 639 3811 20,14:
676 3737 737 3797 n>
759 3727 858 3812 D'mle
878 3728 948 3812 περί
970 3724 1095 3808 στιγμήν.
1121 3724 1148 3801 ¹)
1190 3718 1281 3785 Hane
1313 3762 1315 3765 .

223 3932 251 4002 1)
269 3929 348 3985 Haud
367 3930 467 3986 meiius
484 3929 537 3984 hoe
555 3928 628 4001 quod
646 3930 674 3984 in
692 3930 842 3999 novissima
861 3930 979 3986 editione
997 3927 1092 3996 fertur,
1109 3943 1190 4001 quam
1208 3926 1281 3998 quud

276 4007 340 4072 eliin
358 4017 501 4080 leuehatur
514 4013 587 4087 diple
604 4014 718 4092 τλικτιιὴ
736 4017 780 4072 vei
799 4017 939 4093 τεριϊοτική,
958 4033 1027 4089 quae
1052 4016 1190 4086 exagitare
1210 4014 1282 4068 haud

229 4140 237 4156 ι
275 4105 391 4171 amplius
409 4118 480 4175 opus
498 4109 548 4168 est,
567 4117 647 4173 quum
671 4101 834 4175 ἀπερίστικτος
852 4102 1035 4174 reponendum
1063 4117 1126 4156 esse
1151 4115 1224 4155 nune
1248 4116 1282 4152 ex

275 4193 383 4251 Aneed.
406 4192 495 4246 Puris.
522 4190 678 4256 doceamur,
710 4190 843 4244 firmatum
868 4197 895 4245 et
910 4193 998 4262 ipsum
1016 4186 1183 4262 quorundam
1203 4182 1283 4238 eodd.

276 4279 405 4347 lectione,
427 4277 601 4351 perieticen,
628 4278 672 4335 cel
695 4277 871 4352 pmmtieen
896 4275 1090 4336 exhibentium.
1126 4269 1197 4326 iliud
1215 4284 1281 4325 vere
