2902 4822
648 469 650 477 ’
688 443 740 516 48

118 617 123 622 ”
163 635 261 722 irrep
283 628 476 700 τῶνὶκὸτλων
498 629 624 703 ἐνταῦθα
650 633 833 717 παραγγελία
859 639 897 718 τῇ
917 629 1000 719 τῆςὶ
1019 631 1144 719 μάλιστα
1163 629 1276 722 ῥαψῳ-

55 731 57 736 ’
164 741 215 826 δίᾳ
237 731 384 825 ᾤκείωται
411 732 488 800 κατὰ
508 733 577 812 τοὺς
598 735 756 811 παλαιούς·
790 733 852 802 ὦδε
880 734 937 822 γὰρ
961 733 1159 821 obsisterent,
1190 737 1276 820 φασί,

163 839 201 907 τὰ
221 845 339 905 τοιαῦτα
359 838 419 923 ἔπη
441 836 514 922 μετὰ
535 835 586 903 καὶ
607 835 805 922 ἀστερίσκων·
834 837 895 905 ἐκεῖ
918 839 952 904 δὲ
973 839 1152 927 καιριώτατα
1168 849 1278 906 κεῖνται
1309 835 1317 843 ’

164 941 241 1009 ὅπου
267 940 318 1007 καὶ
346 939 423 1007 εἶδεν
449 936 617 1015 Ὀδυσσεὺς
644 937 681 1004 τὰ
710 937 805 1004 ὅπλα·
833 950 881 1008 νῦν
902 940 971 1027 γάρ,
998 943 1098 1027 φησίν,
1121 941 1151 1008 ἐν
1173 940 1288 1027 ἀγροῖς·

165 1046 207 1113 ὢν
242 1055 310 1121 πῶς
341 1040 422 1110 οἶδεν
456 1041 501 1109 ὅτι
520 1041 669 1129 πρόχειρα
702 1053 809 1109 κεῖνται
837 1043 916 1111 ὅπλα
947 1044 977 1112 ἐν
1007 1053 1052 1134 τῷ
1085 1045 1176 1134 αίκῳ;
1211 1055 1274 1110 etc.

163 1150 265 1236 Atqui
286 1149 461 1214 asteriscos
483 1149 565 1212 istos
588 1167 662 1211 cum
692 1147 817 1210 scholio
840 1150 894 1233 qui
921 1150 1026 1214 codici
1054 1150 1276 1233 adscripserit,

164 1275 240 1319 eum
261 1251 410 1335 exemplo
433 1250 601 1336 Odysseae
623 1270 719 1315 usum
740 1269 825 1332 esse,
849 1252 950 1336 signis
974 1254 1093 1316 criticis
1111 1252 1275 1334 distincto,

164 1356 306 1423 ostendit
327 1355 513 1420 observatio
536 1372 618 1437 quae
640 1352 758 1436 legitur
779 1352 821 1415 ad
843 1358 868 1433 Ε,
893 1355 972 1418 188:
1003 1352 1173 1440 ἀστερίσκος
1194 1351 1277 1440 αρί-

164 1482 256 1526 κειται
278 1457 387 1544 [codd.
410 1456 498 1520 Harl.
521 1465 554 1519 et
574 1455 702 1537 Amba,
735 1475 776 1518 ex
799 1457 916 1540 quibus
939 1459 1017 1523 solis
1039 1460 1163 1542 profert
1183 1458 1278 1524 Butt-

164 1584 312 1646 mannus,
334 1557 457 1645 αρόσκ]
482 1559 555 1642 ἄχρι
577 1558 686 1641 στίχων
708 1553 752 1640 γ’,
774 1554 819 1621 ὅτι
840 1568 901 1624 etc.

161 1723 162 1726 ,
250 1664 406 1729 Eiusdem
440 1662 589 1747 signandi
622 1662 864 1727 consuetudinis
898 1665 1061 1749 antiquae,
1103 1683 1169 1729 uon
1203 1665 1277 1729 Ari·

165 1768 326 1834 starchiae
359 1765 489 1851 quidem
519 1763 605 1828 illius
638 1766 794 1850 integrae,
830 1764 891 1829 sed
921 1767 991 1830 eius
1027 1789 1123 1852 quam
1144 1767 1278 1832 mixtam

165 1870 406 1954 appellaverim,
429 1866 610 1950 exemplum
628 1868 713 1932 aliud
729 1878 835 1933 exstat
849 1869 883 1931 in
895 1868 1101 1934 adnotatione
1114 1871 1278 1954 adscripta

166 1973 342 2057 exemplari
370 1971 478 2037 iliadis
499 1970 633 2035 Parisiis
656 1971 742 2054 apud
763 1971 913 2036 loannem
935 1972 1046 2037 Libert
1074 1995 1103 2039 a.
1126 1975 1222 2039 1520.
1243 1976 1276 2038 4.

165 2078 327 2162 vulgatae,
349 2076 470 2159 pariter
490 2075 524 2137 in
546 2074 741 2138 bibliotheca
754 2074 846 2140 Caes.
868 2073 1111 2152 Vindobouensi
1132 2087 1275 2161 servato,

166 2181 253 2245 uude
275 2180 421 2244 notitiam
443 2179 514 2242 eius
537 2177 623 2240 idern
644 2177 777 2241 Alterus
801 2178 888 2241 dedit
908 2177 1113 2245 Praefatione
1142 2181 1185 2244 ad
1205 2170 1277 2245 Ilia·

166 2284 216 2348 dis
250 2282 293 2348 ab
326 2302 363 2346 se
399 2280 503 2346 editae
538 2290 660 2345 tomum
689 2280 825 2344 alterum
848 2303 879 2365 p.
902 2280 1019 2345 XXVI.
1050 2304 1100 2367 sq.
1144 2282 1278 2348 Scilicet

164 2387 251 2452 foliis
274 2385 427 2468 Graecis,
450 2393 572 2448 textum
594 2384 729 2448 Homeri
758 2386 1006 2468 continentibus,
1035 2387 1276 2469 intercalautur,

165 2501 202 2554 ut
214 2491 319 2554 Alteri
331 2488 441 2553 verbis
452 2497 535 2569 utar,
553 2487 630 2551 folia
649 2487 829 2570 chartacea,
844 2488 962 2571 quibus
977 2490 1148 2553 exhibetur
1161 2487 1276 2553 Iohan-

165 2595 216 2658 nis
234 2592 374 2656 'Iretzae
391 2588 608 2672 Metapbrasis
629 2609 748 2674 graeca
770 2610 790 2653 a
810 2593 922 2654 nescio
946 2611 1010 2675 quo
1030 2591 1159 2655 homine
1172 2591 1279 2676 Loget

166 2696 340 2776 nominato,
374 2693 415 2756 de
437 2709 502 2775 qno
524 2692 611 2756 haud
632 2694 736 2777 magis
772 2692 884 2757 Altero
907 2693 1018 2778 liquet,
1047 2695 1109 2760 nisi
1138 2693 1228 2778 qnod
1247 2695 1278 2758 is

165 2799 296 2863 natione
318 2796 479 2862 Graecum
512 2796 614 2860 luisse
649 2797 833 2879 suspicatur
867 2818 899 2879 p.
929 2793 1110 2880 XXXVIII,
1144 2798 1277 2880 scripta,

115 2903 117 2907 ’
166 2901 296 2966 cuilibet
307 2902 417 2966 versui
430 2901 589 2983 impresso
608 2898 741 2962 Homeri
759 2909 909 2964 accurate
928 2900 1140 2982 respondens.
1155 2900 1182 2981 ¹)
1211 2899 1279 2964 Iam

164 3005 198 3069 iu
218 3005 362 3089 margine
393 3004 508 3067 horum
530 3001 680 3066 foliorum
711 3002 953 3068 chartaceorum
986 3002 1177 3068 exhibentur
1209 3011 1279 3067 tum

164 3109 198 3172 iu
231 3107 451 3191 Metapbrasin
482 3116 590 3188 notae,
626 3115 694 3169 tum
726 3105 881 3171 librorum
903 3117 1102 3193 argumenta,
1133 3104 1278 3188 Scholia,

166 3227 302 3294 quorum
325 3210 447 3273 sontem
468 3210 523 3293 qui
539 3208 711 3289 adscripsit
728 3209 781 3272 hic
797 3210 863 3275 illic
878 3214 950 3295 ipsc
968 3210 1122 3275 indicavit
1140 3208 1279 3292 Regium

166 3311 312 3376 codicem
323 3311 551 3393 Parisiensem,
575 3309 723 3394 eundem,
748 3322 783 3375 ut
795 3314 957 3377 existimat
965 3314 1099 3378 Alterus
1110 3332 1142 3394 p.
1153 3309 1277 3392 XXIX,

166 3434 262 3499 quem
279 3413 457 3478 laudaverit
467 3412 807 3499 VilloisonusProleg.
824 3414 867 3481 ad
884 3414 973 3481 lliad.
993 3438 1024 3500 p.
1038 3413 1126 3499 XIV,
1139 3415 1279 3478 instruc·

165 3526 232 3583 turn
263 3517 403 3583 Scholiis
430 3516 532 3581 isaaci
559 3516 840 3602 Porphyrogeniti.
883 3517 949 3584 Ista
977 3538 1057 3583 vero
1084 3537 1167 3602 quae
1194 3517 1280 3580 liber

166 3620 428 3688 Vindoboneusis
451 3622 594 3685 continet
615 3620 693 3683 nihil
715 3620 757 3683 ad
779 3630 922 3685 nostram
943 3643 1022 3686 rem.
1048 3620 1116 3685 Sed
1129 3620 1279 3703 hucper-

165 3726 244 3790 tinct
278 3726 376 3811 quod,
412 3724 484 3788 sive
513 3743 555 3786 ex
584 3722 697 3786 codice
726 3722 911 3803 Parisiensi,
945 3727 1016 3788 sive
1038 3745 1080 3788 ex
1101 3724 1165 3789 alio
1188 3723 1278 3802 fonte
1315 3727 1317 3730 ’

167 3828 264 3892 ducta
285 3829 339 3911 sit,
362 3827 499 3912 singulis
520 3824 767 3907 Metaphraseos
797 3825 946 3892 versibus
974 3828 1162 3912 frequenter
1190 3824 1279 3890 obeli

166 3950 266 4015 quum
297 3931 435 4002 maxime
467 3928 578 4010 rubro,
609 3936 675 3991 tum
707 3947 785 3991 vero
815 3929 910 3992 etiam
937 3932 1031 4017 nigro
1062 3931 1173 3996 colore
1200 3929 1280 4012 picti

219 4151 251 4213 1)
270 4147 312 4202 De
331 4150 425 4216 variis,
450 4165 519 4220 quas
536 4146 672 4214 novimus,
690 4146 803 4204 Homeri
820 4149 1040 4222 metaphrasibus
1064 4150 1109 4204 adi
1128 4104 1278 4204 Villoisoui

270 4234 344 4289 Prol.
362 4233 440 4289 Hom.
458 4251 485 4306 p.
504 4232 588 4291 XLII.
