2902 4822
664 418 742 514 tta

149 635 277 714 dictam,
301 652 396 716 quam
418 650 437 695 a
458 628 624 695 Musarum
656 629 777 696 sacello
803 647 877 691 cum
906 627 1018 693 schola
1043 625 1262 692 Alexandrina

148 737 320 802 coniuncto
349 735 542 819 appellatam
571 735 756 818 suspicatur
779 732 933 796 Lehrsius
965 731 1058 798 Stud.
1081 731 1263 796 Aristarch.

148 863 178 924 p.
196 839 249 923 30,
273 859 352 904 cave
376 839 551 904 concludas
575 858 648 902 cum
671 836 838 902 Heliconia
863 837 998 903 eandem
1020 838 1133 920 fuisse,
1157 858 1176 900 a
1200 854 1263 920 qua

148 944 246 1028 longe
268 942 395 1008 diversa
423 943 491 1008 fuit.
525 940 608 1005 Tum
631 941 718 1026 quod
748 961 820 1006 cum
841 934 946 1007 Musis
968 951 1065 1027 poeta
1083 962 1146 1006 una
1160 939 1263 1024 Apol·

147 1047 244 1112 linem
265 1048 412 1131 invocat,
436 1045 459 1110 il
480 1046 566 1111 haud
588 1047 701 1111 miuus*
716 1040 790 1110 cum
811 1066 848 1109 re
871 1048 1032 1132 congruit,
1054 1056 1163 1131 ἰιιιιιιιι
1185 1064 1262 1110 con·

148 1162 222 1233 stet,
245 1149 434 1215 Heliconem
455 1159 597 1214 montem
618 1149 694 1214 huic
718 1150 781 1214 deo
797 1169 925 1214 sacrum
946 1150 1057 1215 fuisse.
1099 1148 1262 1230 Quocirca

147 1258 304 1340 utrisque,
327 1255 446 1340 quibus
468 1254 601 1319 σύνδικον
623 1251 742 1320 κτέανον
765 1254 937 1338 phorminx
959 1253 1019 1337 e'st,
1044 1262 1078 1317 ιιι
1099 1252 1262 1318 Pindarus

148 1362 192 1425 ait
212 1359 307 1445 Pyth.
338 1359 362 1443 l,
390 1361 420 1441 1,
453 1360 569 1424 iunctis
593 1359 722 1442 libatur,
745 1358 798 1422 vel
821 1356 876 1420 illo
901 1354 1140 1422 versu‘nes‘cio
1160 1358 1263 1422 ‘cuius

147 1472 263 1547 poetae
280 1473 430 1546 testante,
454 1464 510 1547 qui
532 1464 672 1548 exernpli
692 1463 767 1527 loco
790 1461 955 1526 affertur
945 1483 979 1524 ιιι
994 1460 1174 1530 Αιιιιοιιοιιι
1185 1458 1263 1523 'Am‘

147 1567 299 1631 brosiano
317 1567 405 1652 apud
419 1565 491 1632 Keil
505 1566 598 1632 Anal.
622 1588 745 1654 gramm
769 1589 800 1651 p
817 1567 855 1632 6
880 1563 1048 1652 σπένδωιιει
1063 1557 1264 1698 ταῖςιιιάιιας

147 1669 242 1737 παισὶν
264 1669 396 1747 Μούσαις
417 1669 468 1739 καὶ
488 1677 533 1759 τῳ
553 1668 703 1747 Λάτους’
690 1668 757 1738 uidi

649 1851 675 1924 S.
705 1847 758 1911 80.

438 1973 489 2030 Dc
511 1972 719 2046 prooemiis
741 1971 964 2032 Homericis.

232 2102 417 2192 Declarato,
450 2117 615 2195 utcunque
640 2109 754 2193 potuit,
786 2108 936 2173 editionis
959 2109 1099 2199 nomine,
1127 2103 1169 2169 ad
1191 2102 1263 2205 illu·

147 2211 310 2275 strandum
331 2213 401 2276 eius
421 2214 577 2285 rationem
600 2212 795 2298 singularem
814 2202 1048 2311 repetendum,
1061 2210 1148 2316 quod
1163 2208 1262 2292 supra

147 2315 251 2399 posui,
286 2316 469 2399 primariam
502 2317 712 2381 differentiam
745 2314 841 2380 huius
869 2298 1058 2385 editionis
1048 2336 1081 2379 m
1103 2300 1262 2401 prooemii

147 2418 331 2484 diversitate
354 2422 579 2505 consistere,
568 2443 602 2484 ιιι
625 2443 689 2507 qua
712 2419 910 2486 enucleanda
934 2440 1067 2505 operam
1080 2420 1143 2482 iam'
1156 2435 1261 2480 meam

145 2522 323 2588 collocabo.
368 2525 476 2610 Atque
499 2525 586 2611 quod
606 2526 796 2621 primum
770 2508 1088 2623 animadvertendum
1111 2507 1173 2605 est,
1195 2539 1261 2585 non

145 2627 241 2691 debet
263 2628 378 2690 mirum
400 2629 513 2711 videri,
538 2630 626 2714 quod
648 2629 786 2695 diversis
805 2616 992 2719 prooemiis,
1018 2647 1156 2715 quorum
1174 2642 1260 2691 nunc

143 2732 206 2795 iam
237 2732 295 2795 tria
325 2733 485 2815 novimus,
518 2732 593 2797 llias
627 2736 788 2800 instructa
819 2734 1086 2818 deprehenditur·
1123 2748 1262 2814 quorum

144 2845 266 2898 tantum
288 2834 381 2900 abest
409 2845 444 2901 ιιι
466 2838 530 2902 hoc
559 2837 613 2901 vel
640 2836 719 2902 illud
741 2841 939 2928 grammatici
972 2835 1140 2902 alicuius
1130 2822 1260 2918 rugenio

146 2937 256 3002 deberi
273 2940 388 3023 possit,
411 2940 444 3003 id
464 2940 562 3025 quod,
584 2950 620 3004 ut
637 2941 822 3026 exemplum
842 2942 1017 3024 afferam,'
1007 2962 1041 3005 m
1052 2936 1145 3004 Aratr
1156 2937 1259 3001 Phae

145 3044 290 3107 nomenis
305 3044 435 3127 factum,
460 3044 552 3108 cuius
572 3045 722 3111 carminis
743 3046 836 3147 plura
853 3042 929 3109 olim
943 3045 1108 3110 exstitisse
1127 3039 1262 3133 exordia

146 3145 300 3211 docemur
330 3147 370 3212 ab
398 3157 537 3212 auctore
553 3146 655 3214 Vitae
685 3140 817 3215 Aratiae
831 3140 1020 3214 aBuhlio
1037 3144 1200 3213 editaeT
1223 3138 1260 3210 ιι.

145 3272 176 3333 p.
210 3251 284 3334 437,
318 3261 351 3315 ut
381 3252 442 3341 tria
476 3252 573 3316 illa
563 3254 604 3317 ris
633 3254 832 3373 temporibus
856 3264 927 3319 orta
938 3253 1107 3357 dicamus,
1133 3252 1260 3355 quibus

146 3354 320 3418 carminum
347 3356 513 3439 epicorum
545 3358 691 3423 recitatio
720 3359 753 3422 in
785 3348 917 3443 ιιιιιιΗοο
939 3344 1018 3422 lieri
1037 3326 1157 3447 solnta
1160 3364 1260 3420 esset.

145 3455 271 3521 Etenim
293 3467 328 3522 ut
351 3459 437 3544 quod
460 3481 546 3526 nunc
567 3461 660 3525 lliadi
682 3463 870 3548 praefigitur
891 3463 1110 3546 prooemium
1108 3459 1259 3524 Alexan·

145 3561 256 3628 driuae
279 3573 368 3628 certe
390 3563 523 3629 scholae
546 3576 692 3651 tempora
714 3566 812 3652 longe
834 3566 977 3630 anteisse
999 3560 1192 3648 constan-³)
1214 3563 1259 3627 ita

144 3700 300 3710 ...κ-..η
319 3705 339 3710 ..
368 3705 383 3710 ,ν
408 3705 434 3710 .-

196 3772 224 3842 2)
243 3771 383 3826 seriorem
402 3776 518 3826 aetatem
537 3769 609 3824 haud
627 3770 702 3826 aliud
720 3772 814 3828 iliadis
832 3773 998 3845 principium
1020 3786 1101 3843 quam
1119 3770 1259 3840 uulgatum

245 3860 367 3924 novisse,
380 3857 525 3912 ostendunt
540 3873 610 3928 quae
626 3872 706 3913 exeo
722 3859 782 3928 ipso
798 3854 1159 3931 ineptae'grammaticorum
1173 3856 1258 3911 sedu-

247 3944 313 3998 litati
331 3946 437 4018 placuit
454 3944 630 4002 eoncluderc.
667 3945 775 4000 Seneca
793 3947 877 4019 Epist.
895 3949 944 4005 88:
973 3944 1102 4018 „Appion
1121 3962 1258 4016 gramma-

246 4031 328 4097 ticus,
351 4033 398 4102 qui
423 4031 473 4086 sub
500 4030 530 4086 C.
556 4031 676 4086 Caesare
701 4039 755 4086 tota
779 4033 955 4086 circumlatus
981 4022 1160 4086 est'G'raecia
1184 4038 1212 4085 et
1230 4034 1258 4085 in

247 4131 344 4169 nomen
362 4115 475 4171 llomeri
500 4116 534 4170 ab
552 4116 678 4172 omnibus
695 4119 854 4173 civitatibus
872 4114 1024 4192 adoptatus,
1050 4108 1142 4172 aiebat
1158 4115 1258 4172 Homo-

249 4219 308 4256 rnm
327 4210 440 4278 utraque
460 4208 573 4260 materia
596 4213 794 4274 consummata,
821 4215 850 4262 et
867 4206 995 4282 Odyssea
1011 4208 1047 4263 'et
1069 4206 1166 4271 iliade,
1186 4206 1257 4275 prin·

247 4290 350 4364 cipium·
372 4291 509 4350 adiecisse
532 4293 687 4367 operiere,
708 4297 768 4364 'quo
792 4291 896 4352 bellum
921 4294 1068 4352 Troianum
1087 4290 1258 4363 ‘complexus
1358 4307 1364 4324 ¹
