2902 4822
726 477 767 531 VI

186 643 266 713 sne
284 634 466 730 -farragine
494 625 695 730 apparando
721 634 927 716 contentum,
956 631 989 703 in
1013 651 1052 703 re
1077 631 1155 727 ipsa
1180 653 1302 729 parum

184 728 342 845 perdedit
361 734 580 811 illustranda.
620 734 804 820 Postremo
832 729 1126 825 Graefenhanns,
1149 739 1207 830 qui
1234 733 1301 809 de-

188 869 260 921 nuo
280 867 358 920 rem.
375 845 552 930 tractavit,
570 839 601 931 ³)
624 842 810 913 intentiore
825 839 962 933 quidem
984 863 1083 936 quarn
1111 838 1146 910 id
1167 864 1190 911 a
1211 863 1301 936 quo·

77 1018 80 1024 ,
184 951 276 1052 pium
297 951 447 1048 priorum
474 951 699 1043 interpretum
720 942 847 1018 laetum
876 954 948 1032 est,
983 967 1070 1021 eura
1095 957 1303 1018 nontamen

183 1077 323 1150 orn-qna
346 1049 503 1125 adhunc
523 1050 638 1125 locum
664 1047 919 1148 explanandum
940 1073 1030 1148 opus
1053 1061 1119 1136 est,
1139 1048 1302 1139 adhibita,

184 1156 355 1234 nonnulla
374 1169 473 1233 reete
494 1155 690 1242 constitnit·
714 1154 784 1227 alia
800 1149 901 1239 ,naun
924 1176 1036 1252 panea
1059 1152 1220 1227 inchoata
1244 1154 1302 1228 vel

181 1260 415 1337 ·ro'truotunda
451 1260 606 1358 reliquit,
642 1260 690 1331 ita
726 1268 765 1333 nt
803 1256 1057 1333 accedentibus
1093 1260 1227 1332 interim
1255 1283 1303 1333 ex

182 1364 382 1463 ,Aunedotn
404 1365 505 1439 Rom.
533 1367 638 1436 novis
672 1366 837 1439 materiae
859 1362 1023 1435 nnbsidris
1052 1373 1124 1435 tota
1143 1369 1302 1459 quaestio

187 1467 687 1567 redintegranda-videretnr,
729 1469 831 1541 Haeo
858 1470 1034 1561 qunmita
1061 1478 1203 1554 essent,
1230 1468 1302 1543 diui

189 1601 259 1657 non
275 1584 403 1675 potest
426 1586 587 1670 quantum
612 1575 645 1644 in
669 1594 779 1668 opere
808 1593 886 1643 men
917 1569 1138 1668 profligando
1161 1572 1302 1648 adiutus

183 1678 448 1777 ‚luerim-,uptam
475 1680 635 1773 egregia,
657 1700 756 1772 quarn
781 1677 815 1744 in
837 1672 963 1751 eodem
980 1673 1096 1772 lapide
1117 1676 1301 1753 volvendo

189 1787 332 1857 naviter
360 1779 552 1857 collocavit
584 1776 680 1852 Guil.
708 1776 845 1873 Georg.
869 1778 1049 1879 Pluygers
1080 1779 1238 1857 Batavus
1268 1787 1300 1855 in

181 1883 620 1989 scriptionesoholastioa
636 1908 669 1982 p.
690 1881 741 1954 42
766 1908 790 1954 a
817 1906 872 1957 me
889 1901 1169 1973 onrnmemnrata,
1201 1911 1301 1986 quarn

180 2013 268 2073 ,enm
287 1991 412 2070 ultera.
434 2015 503 2090 qna
525 2012 585 2065 res
606 1987 836 2065 Zenodotiae
859 1987 1086 2078 illustrantur,
1115 1990 1210 2066 dolui
1232 2017 1302 2073 non

180 2109 271 2181 onte
281 2099 476 2194 arreptura
490 2114 598 2192 qnam·
610 2119 694 2194 pars
708 2093 811 2167 huius
826 2092 937 2167 libelli
962 2098 1151 2192 typiuliarn
1167 2120 1302 2175 excusa

178 2210 298 2283 nasot.
333 2198 448 2273 Etiam
466 2202 725 2296 serius,;qnum
750 2201 901 2279 maxima
920 2199 995 2271 libri
1018 2223 1118 2298 para,
1140 2217 1302 2287 oerteea

181 2300 354 2408 qnae-ad
370 2306 484 2400 ,signa
516 2306 641 2379 oritioa
672 2311 828 2404 spernat,
864 2308 967 2403 typis¹
986 2302 1165 2407 descripta
1190 2316 1300 2401 esset

179 2415 357 2492 mmm
378 2411 474 2491 venit
493 2432 584 2483 anrro
604 2412 764 2509 proximo
784 2409 941 2485 Bernlini
959 2408 1106 2505 vulgata
1124 2411 1301 2487 Beneardi

176 2515 286 2607 Diae.
302 2513 350 2592 de
371 2511 521 2588 scholiis
538 2515 573 2585 in
595 2516 741 2591 Homeri
754 2512 901 2587 Iliadem
919 2513 1070 2587 Venetis
1095 2517 1301 2612 (A)‚··quod

176 2639 309 2717 ‚uorum
322 2618 449 2719 gratia,
481 2619 517 2691 ni
531 2619 612 2692 eins
622 2618 823 2716 scriptionis
834 2621 1043 2716 praesertim
1051 2621 1085 2691 in
1095 2619 1300 2697 Aristonico

187 2722 359 2803 mullama
391 2642 622 2797 ne‘lrabitan
644 2743 728 2797 osae
755 2724 922 2798 rationem
948 2723 1105 2810 fortasse
1125 2729 1300 2816 mirentur,

175 2824 361 2907 adnotare
381 2825 488 2906 lubet.
522 2824 638 2901 Unum
660 2835 810 2923 tangam,
840 2826 936 2926 quod
955 2827 1002 2901 ad
1032 2835 1300 2906 commentarios

182 2930 386 3015 -Aristonini
400 2931 625 3025 Homericos,
642 2934 701 3029 qni
714 2944 1034 3027 commemorantur,
1054 2945 1210 3034 spectat:
1233 2937 1299 3012 lros

181 3060 293 3136 ¹(ptum
311 3061 378 3140 pro
403 3032 574 3138 peculiari
594 3039 742 3137 scripto,
766 3037 866 3132 quod
890 3063 968 3116 unm
991 3038 1078 3114 libro
1095 3040 1160 3117 de
1187 3045 1299 3142 signis

174 3138 275 3219 niun
302 3161 485 3220 commune
516 3138 696 3232 habuerit,
720 3143 874 3218 nimirum
901 3140 1090 3221 Lehrsinm
1119 3161 1298 3242 sequutus,

187 3244 372 3333 habendos
390 3265 475 3320 esse
497 3244 694 3337 arbitratur,
715 3269 793 3322 eam
808 3252 1020 3325 senentiam
1039 3252 1224 3346 ingeniosa
1243 3253 1297 3324 in-

133 3406 136 3411 ,
174 3366 299 3453 ¹rntper
315 3350 519 3429 oonieotura
538 3359 741 3431 sustentare
761 3350 901 3444 studet,
917 3352 1047 3431 allato·
1061 3354 1183 3455 Etym.
1205 3352 1298 3431 Gud.

184 3450 331 3559 μ334,
355 3450 418 3545 13,
439 3456 570 3555 quippe
592 3480 661 3555 quo
683 3482 749 3558 pro
779 3455 900 3535 verbis
927 3458 967 3549 ἐνΙ
987 3463 1194 3560 ὑπομνήματι
1211 3461 1299 3537 Ἀν-

171 3561 331 3664 dponmou
364 3557 413 3641 εἰς
437 3557 477 3633 τὸ
505 3558 573 3654 dor,
600 3569 638 3635 ut
667 3561 846 3661 vulgatur,
868 3562 903 3638 ἐν
930 3566 983 3636 ὑπ.
1005 3564 1230 3664 Ἀριστονίκου
1250 3566 1299 3647 εἰς

172 3660 579 3762 .’θδὺσσειανὶθςθιιάυω
591 3666 647 3742 sit.
684 3667 732 3744 Ut
746 3688 834 3741 vera
853 3667 943 3743 naen
955 3669 1105 3770 nominis
1125 3670 1298 3766 scriptura

183 3769 241 3862 sit,
269 3766 355 3846 lieet
375 3768 564 3868 reprobata
584 3792 608 3842 a
628 3769 757 3845 oodioe
777 3769 980 3861 Parisionsi,
1000 3792 1109 3865 ‘quem
1122 3763 1297 3848 ¹‹arroussit

186 3867 377 3960 Cramerus
398 3872 537 3948 Anecd.
558 3871 604 3951 Τ.
627 3873 692 3948 lv.
714 3899 748 3974 p.
766 3869 838 3966 75,
864 3880 977 3948 tamen
998 3872 1082 3946 nihil
1111 3874 1194 3954 inde
1215 3877 1295 3953 ool-

182 3975 304 4079 ligtun
326 3979 372 4055 ad
392 3973 611 4055 refutandam
630 3988 719 4070 eum,
753 3981 994 4073 quamnam,
1025 3981 1173 4058 istorum
1194 4005 1295 4057 oom-

175 4080 600 4191 -meutoridrumformam.
637 4080 695 4160 Eo
708 4084 901 4184 promptius
914 4090 1032 4159 autem
1045 4081 1138 4162 illam
1158 4086 1296 4164 oodiois

241 4326 271 4419 tl
291 4292 461 4388 anatona
476 4276 528 4384 der
545 4325 632 4385 lilaea
649 4325 853 4400 Philologia-T.
872 4296 906 4387 d.
925 4344 952 4401 p.
969 4330 1012 4387 oo.
1030 4309 1073 4406 ἐς.
1100 4364 1104 4375 -
