2902 4822
687 433 746 513 τε
794 491 797 497 .

163 623 337 705 adhibitam
360 643 445 716 esse.
489 624 669 692 Audiamus
692 622 854 708 Excerpta
886 622 1057 691 Romanae*
1078 617 1282 712 Ἀσιιρίσνος

165 728 200 795 δὲ
221 726 271 794 σὺν
296 723 406 815 ὀβελῷ,
429 726 512 814 πρὸς.
528 728 563 796 τὸ
586 727 662 797 εἶναι
684 717 826 814 μὲντοὺς
848 727 968 812 στίχους
987 725 1134 815 Ὁμήρου,
1157 733 1277 797 κεῖσθαι

165 831 199 898 δὲ
221 831 250 898 ἐν
274 832 357 920 ἄλλῳ
379 829 464 920 τόιιιρ
486 837 605 910 καλῶς·
636 832 684 911 οἷς
704 831 753 899 rat
775 828 949 916 ἀστερίσκος
982 830 1071 918 μόνος
1091 822 1275 920 ιτσριίκιιται.

164 936 256 1019 Quae
277 937 377 1001 verba
408 937 488 1002 ideo,
505 940 631 1023 repetii,
655 958 720 1023 quo
741 936 856 1002 melius
886 928 951 1022 quo
976 958 1077 1003 sensu
1108 949 1276 1024 postrema

162 1041 263 1107 verba
296 1061 355 1124 per
387 1061 424 1105 se
455 1043 594 1107 obscura
624 1043 811 1126 accipienda
844 1043 908 1106 sint
940 1052 1064 1125 pateat:
1100 1043 1220 1106 etenim
1246 1040 1280 1105 si

163 1145 391 1228 Aristophanis
421 1165 544 1210 morem
576 1148 781 1229 assumimus,
805 1145 984 1211 secundum
1006 1166 1103 1231 quem
1125 1164 1166 1210 eo
1188 1144 1279 1228 loco,

164 1259 368 1334 quo‘versus
391 1259 479 1314 recte
502 1250 599 1334 positi
622 1249 819 1330 viderentur,
852 1249 991 1332 simplex
1020 1251 1198 1315 asteriscus
1219 1268 1312 1332 apr·

162 1353 272 1436 pictus
294 1352 365 1434 suit,
388 1354 449 1417 iam
473 1363 618 1437 apparet,
654 1374 726 1418 eam
748 1352 855 1437 legem
888 1355 1018 1419 criticos
1052 1354 1209 1436 tenuisse,
1241 1357 1279 1417 nt

163 1459 196 1520 in
217 1457 376 1522 eiusmodi
397 1477 552 1522 versuum
575 1459 767 1542 repetitione
788 1466 962 1542 utrumque
981 1458 1100 1539 locum,
1129 1455 1277 1541 quamris

164 1562 291 1625 diversa
315 1562 450 1644 ratione,
474 1570 631 1625 notarent.
676 1560 777 1627 Vides
801 1582 896 1646 quam
921 1561 1005 1626 belle
1029 1559 1276 1642 Aristophanica

164 1664 311 1729 doctrina
334 1684 408 1728 cum
431 1683 470 1727 eo
494 1685 556 1729 usu
580 1667 761 1747 conveniat,
786 1685 881 1750 quem
908 1664 1135 1730 Aristarchum
1163 1662 1277 1728 obser-

164 1788 261 1832 vasse
284 1777 386 1830 testes
410 1765 540 1830 tradunt
559 1778 626 1831 tum
650 1789 749 1852 supra
772 1769 871 1852 positi
890 1778 957 1832 tum
984 1769 1039 1853 qui
1058 1765 1236 1830 afferuntur
1256 1785 1277 1831 a

162 1869 312 1935 Nauckio
338 1890 369 1953 p.
394 1870 445 1951 17,
477 1869 560 1933 bene
582 1872 775 1955 adnotantc,
806 1873 892 1935 hunc
917 1870 1185 1954 parallelisnrum,
1220 1868 1281 1935 ulti

162 1976 195 2038 in
217 1973 298 2038 locis
329 1971 510 2037 Homericis
540 1993 626 2039 nunc
657 1975 858 2041 desideretur
879 1973 933 2038 vel
960 1974 1021 2039 alia
1046 1976 1140 2061 signa
1168 1984 1284 2051 oeten*¹

164 2077 229 2160 dat,
253 2079 347 2161 culpa
369 2085 402 2140 et
423 2095 533 2140 errore
552 2077 756 2142 librariorum
776 2078 830 2143 vel
844 2080 1000 2142 omissum
1019 2078 1073 2143 vel
1089 2088 1282 2162 corruptum·

163 2201 247 2246 esse.
293 2180 443 2245 Ceterum
466 2198 506 2243 ex
532 2181 595 2244 hac
626 2181 794 2265 utriusque
828 2183 1017 2264 concordia,
1057 2181 1277 2265 Aristarchus,

164 2305 223 2349 sua
263 2283 349 2348 unde
392 2283 552 2366 hauserit,
593 2283 689 2347 simul
728 2283 837 2368 liquet.
895 2286 932 2350 ln
964 2287 1025 2350 hac
1053 2288 1102 2350 rei
1142 2284 1278 2351 traditae

162 2387 386 2472 probabilitate
419 2407 484 2452 non
521 2386 700 2451 audiendus
734 2389 789 2472 qui
832 2400 944 2454 contra
987 2388 1130 2474 loquitur
1161 2398 1277 2454 auctor

164 2492 325 2557 Anecdoti
355 2491 458 2557 Paris.
488 2513 519 2574 p.
552 2492 611 2572 86,
645 2491 769 2556 scilicet
799 2492 1051 2575 Aristophanem
1084 2493 1277 2557 asteriscum

164 2595 227 2660 illis
250 2595 344 2678 locis,
368 2593 486 2678 quibus
509 2614 627 2658 sensus
662 2595 793 2660 deesset
822 2596 1016 2679 apposuisse
1050 2596 1187 2662 docens:
1220 2596 1277 2680 qui

163 2708 332 2782 praeterea
366 2717 406 2761 eo
439 2716 569 2782 quoque
599 2697 666 2781 falli
698 2698 841 2781 videtur,
879 2697 967 2782 quod
999 2719 1094 2764 usum
1125 2699 1276 2765 asterisci

164 2823 236 2866 cum
259 2800 355 2865 obelo
387 2800 577 2865 Aristarcho
611 2802 778 2884 proprium
811 2801 913 2867 fuisse
935 2800 1081 2886 affirmat,
1115 2802 1276 2888 siquidem

164 2905 346 2992 significare
369 2903 470 2968 voluit
492 2915 566 2968 ante
589 2904 813 2970 Aristarchum
842 2905 913 2970 eius
934 2906 1019 2990 signi
1049 2907 1152 2973 fnisse
1179 2924 1275 2973 usum

165 3008 297 3072 nullum.
335 3006 447 3091 ltaque
469 3006 510 3070 ab
533 3027 645 3072 errore
666 3008 752 3072 malo
775 3007 943 3075 dissidium
967 3009 1056 3092 illud,
1080 3030 1146 3096 quo
1167 3011 1276 3076 Aneu-

165 3112 274 3175 dotum
287 3111 389 3185 Paris.
411 3121 571 3194 versatur,
590 3122 739 3195 repetere
752 3131 845 3195 quam
859 3133 932 3177 cum
944 3112 1104 3198 Nauckio,
1126 3115 1277 3179 nimirum

163 3213 208 3277 illi
230 3214 413 3278 testimonio
436 3215 567 3279 nimium
590 3216 760 3297 tribuente,
793 3215 909 3297 culpae
936 3217 1144 3282 scholiastam
1169 3217 1277 3303 Odys·

164 3336 251 3398 sene,
278 3335 361 3400 quae
384 3316 562 3382 Aristarchi
584 3319 722 3384 fuissent
744 3318 785 3382 ad
807 3320 996 3403 magistrum
1024 3321 1276 3406 Aristophanem

163 3419 250 3485 haud
273 3440 385 3503 parum
408 3432 559 3486 accurate
582 3423 785 3505 referentem,
807 3422 1002 3487 insimulare.

249 3521 421 3588 Praeterea
452 3525 687 3608 Aristophanes
719 3527 822 3611 sigma
855 3534 888 3589 et
919 3528 1088 3613 antisigma
1118 3526 1275 3609 adhibuit,

164 3636 247 3694 teste
269 3625 380 3692 Schol.
404 3626 524 3712 Odyss.
546 3650 571 3709 ε,
595 3630 667 3692 247.
689 3629 771 3692 248:

317 3728 449 3816 τέτργνεν
473 3725 498 3794 δ’
522 3728 706 3815 dcccdccc,
728 3729 779 3796 καὶ
801 3731 929 3817 ἥρμοσεν
953 3733 1138 3820 ἀλλήλοισιν·

318 3833 470 3920 γόμφοισιν
497 3828 523 3898 d‘
546 3833 607 3918 ἄρα
626 3834 712 3918 τήνγε
733 3833 783 3901 καὶ
806 3834 973 3926 ἁρμονίῃσιν
996 3839 1106 3926 ἄρηρεν

164 3936 382 4031 Ἀριστοφάνης
402 3937 471 4012 τοὺς
493 3935 547 4002 δύο
568 3937 688 4013 τούτους
716 3939 835 4022 στίχους
856 3941 891 4007 τὸ
920 3939 993 4007 αὐτὸ
1030 3937 1108 4030 niaco
1128 3938 1276 4027 τιτριίχειν

166 4043 273 4128 ἀμφω·
298 4041 344 4108 διὸ
366 4048 412 4128 τῷ
434 4039 484 4125 μὲν
508 4041 605 4126 σίγμα,
621 4043 646 4127 ²)
668 4049 713 4129 τῷ
734 4041 769 4108 δὲ
791 4041 942 4130 ἀντίσιγμα
968 4043 1139 4132 ἐπιτίθησιν.
1182 4045 1275 4127 Quae

216 4263 350 4344 allicere
368 4267 406 4320 ita
419 4259 561 4321 Nauckius
577 4282 604 4337 p.
620 4267 652 4323 18
664 4282 716 4338 pro
732 4285 757 4335 τ,
775 4274 805 4323 nt
818 4267 952 4337 vulgatur.
