2902 4822
696 437 749 515 et

164 629 287 694 liorum'
305 628 438 712 iontem,
473 646 514 694 ex
543 649 608 714 quo
630 631 736 713 putari
758 628 834 694 licet
857 631 961 695 omnia
992 645 1031 696 ea
1048 647 1275 720 promanasse,

165 755 251 820 qnae
272 733 521 800 reconditiorem
544 733 681 817 aliquam
706 733 884 798 doctrinam
907 735 1065 818 prodant:
1088 739 1181 803 cuius
1198 739 1276 803 snb·

164 839 350 921 scriptionis
384 839 465 900 ratio
497 835 583 900 hand
612 836 674 900 alia
707 837 808 902 fuisse
841 839 970 903 videtur
1002 862 1098 924 quam
1130 862 1213 926 quae
1242 844 1276 907 in

163 941 369 1007 Scholiorum
391 940 497 1004 Iliadis
521 940 601 1004 Cod.
624 938 750 1004 Veneto
772 942 802 1005 A
827 941 973 1025 obtinuit,
996 954 1032 1008 ut
1055 945 1138 1011 sicut
1160 947 1277 1011 horum

163 1056 278 1110 auctor
299 1043 436 1130 singulis
458 1044 650 1127 rhapsodiis,
685 1044 801 1127 quihus
824 1043 955 1110 Homeri
988 1048 1218 1132 interpretibus
1241 1051 1277 1113 in

165 1148 396 1214 concinnandis
418 1147 457 1211 iis
482 1166 561 1211 usus
583 1148 636 1230 sit,
659 1147 871 1231 subiunxerit,
894 1150 936 1213 ita
960 1151 1056 1213 etiam
1078 1153 1143 1218 illic
1155 1152 1277 1239 Diony-

164 1253 233 1318 sius
258 1261 386 1334 putetur
408 1251 435 1313 is
458 1250 570 1332 fuisse,
603 1251 696 1314 cuins
719 1252 940 1316 commentarii
970 1273 1011 1316 ex
1040 1257 1186 1338 priorum
1208 1267 1278 1320 stu·

164 1355 227 1421 diis
250 1352 377 1418 collecti
396 1351 603 1418 Scholiornm
624 1350 873 1437 Euripidiorum,
898 1355 1004 1439 qualia
1026 1361 1165 1423 nuncin
1189 1359 1279 1424 codi-

164 1458 258 1523 cibus
281 1458 437 1538 feruntur,
461 1457 599 1540 aliquam
624 1468 710 1519 certe
733 1467 858 1539 partem
883 1461 1036 1524 materiae
1059 1462 1277 1545 praebuerint.

164 1560 248 1626 Nam
271 1561 312 1624 de
341 1570 410 1624 toto
435 1579 572 1642 corpore
603 1562 747 1644 cogitare
778 1562 847 1644 ipsa
878 1581 989 1627 eorum
1021 1564 1163 1628 conditio
1187 1567 1278 1629 novi·

163 1667 206 1730 tia
230 1676 263 1729 et
291 1684 390 1746 saepe
412 1663 511 1726 futilis
541 1663 760 1745 prohibemur.
798 1662 974 1750 Dionysius
1008 1667 1063 1732 ille
1094 1669 1167 1752 quis
1192 1668 1279 1734 dica·

164 1779 217 1832 tur
239 1790 281 1833 ex
302 1777 350 1832 tot
373 1766 620 1851 cognominibus
643 1768 871 1851 grammaticis,
897 1771 924 1842 ²)
952 1780 1019 1832 tum
1051 1773 1278 1837 commentaria

163 1872 217 1936 illa
232 1869 320 1957 μικτὰ
338 1890 421 1954 quae
435 1870 667 1954 significentur,
691 1870 724 1932 id
737 1870 807 1935 aliis
820 1871 860 1934 ad
873 1872 1105 1956 explorandum
1118 1876 1278 1959 relinquo.

250 1976 341 2057 Quae
364 1975 521 2038 hactenus
544 1972 584 2036 de
606 1972 750 2056 reliqniis
773 1973 970 2058 studiorum,
1001 1958 1084 2060 quae
1111 1980 1145 2041 in
1167 1999 1278 2043 recen·

164 2079 274 2144 sendis
297 2076 460 2161 Euripidis
484 2077 600 2141 fabulis
623 2076 726 2140 critici
746 2077 870 2160 antiqui
893 2079 1095 2163 posuissent,
1119 2082 1152 2145 in
1174 2081 1278 2147 Scho-

164 2183 215 2248 liis
237 2183 377 2246 servatis
400 2179 563 2244 attulimus
587 2178 672 2243 hand
694 2199 746 2243 me
768 2179 850 2264 sugit
872 2180 949 2244 nibil
979 2184 1154 2267 continere,
1189 2184 1278 2269 quod

166 2287 207 2352 ad
228 2286 392 2369 antiquam
411 2292 582 2348 contextus
600 2283 796 2346 notationem
813 2284 990 2367 pertineat:
1012 2287 1073 2350 sed
1092 2307 1192 2370 quum
1213 2289 1278 2352 iam

165 2389 420 2455 demonstratum
453 2390 513 2469 sit,
546 2405 587 2449 ex
618 2387 721 2449 veteri
742 2386 797 2449 illa
827 2388 1109 2471 grammaticorum
1131 2390 1278 2454 doctrina

166 2492 318 2558 nonnulla
343 2492 442 2575 petita
475 2488 693 2573 deprehendi,
725 2489 813 2574 quod
845 2491 879 2551 in
911 2487 1075 2574 Sophocle
1109 2492 1278 2576 probabile

163 2597 281 2678 visum,
305 2595 338 2658 id
360 2595 456 2658 etiam
479 2594 511 2655 in
533 2590 688 2675 Euripide
708 2591 919 2676 probabiliter
949 2596 1070 2660 sactum
1101 2596 1275 2680 concedes,

163 2701 344 2786 signorum,
368 2698 488 2783 ‘quibus
511 2696 542 2759 in
565 2707 658 2779 parte
680 2697 813 2761 metrica
836 2693 1042 2763 Scholiorum
1064 2701 1184 2765 mentio
1206 2700 1272 2784 fiat,

163 2803 351 2866 memoriam
381 2821 422 2888 ex
439 2798 557 2865 schola
574 2798 640 2862 ,illa
662 2799 793 2883 antiqua
823 2801 1032 2883 repetendam
1063 2823 1148 2886 esse,
1183 2806 1309 2878 ouius,

163 2925 275 2970 curam
313 2905 409 2970 ctiam
441 2904 473 2966 in
507 2900 673 2986 Sophocle
707 2901 875 2966 tractando
908 2914 1071 2968 versatam
1103 2925 1179 2973 esse
1211 2907 1276 2972 sci·

163 2995 246 3075 mus.
291 3008 349 3074 Cui
372 3008 549 3072 sententiae
573 3004 749 3069 firmandae
770 3007 933 3070 succurrit
961 3006 1048 3090 quod
1071 3026 1185 3072 rursus
1204 3009 1277 3074 Ari·

164 3114 357 3197 stophanem
383 3113 416 3176 in
447 3110 655 3176 recensendis
684 3107 848 3192 Euripidis
870 3106 988 3173 fabulis
1019 3129 1151 3193 operam
1184 3131 1277 3178 suam

164 3216 380 3300 impendisse,
403 3216 474 3297 ipsa
496 3213 628 3278 Scholia
651 3212 843 3294 ostendunt,
866 3212 899 3275 in
922 3212 1041 3296 quibus
1064 3213 1143 3279 baec
1165 3215 1276 3280 notavi

166 3320 287 3383 veteris
310 3338 466 3383 censurae
488 3317 636 3402 vestigia,
660 3315 766 3382 Orest.
789 3317 869 3380 704:
895 3311 1045 3400 Ἄργους]
1074 3314 1109 3382 τὸ
1138 3314 1172 3381 δὲ
1192 3312 1277 3401 ”Ap-

163 3441 234 3504 γους
254 3417 404 3506 γράφεται
424 3417 615 3506 compton,
639 3411 671 3485 ἶν’
694 3413 715 3504 ᾖ
727 3415 844 3502 ’Appon
871 3425 963 3502 γαῖαν.
995 3412 1222 3503 Ἀριστοφάνης
1244 3415 1279 3483 δὲ

165 3522 244 3608 μετὰ
264 3531 318 3590 τοῦ
339 3526 363 3605 i,
386 3525 579 3608 quibuscum
602 3524 789 3606 conspirant
803 3521 935 3586 Scholia
956 3541 975 3585 a
993 3522 1119 3586 Cobeto
1137 3521 1277 3604 vulgata.

166 3624 248 3692 'lum
272 3628 401 3712 Hippol.
425 3628 505 3690 170:
538 3626 588 3710 τὴν
612 3625 646 3691 δὲ
674 3618 840 3710 κομίζουσ’]
864 3631 949 3690 τοῦτο
971 3622 1171 3709 acrinetensi
1190 3617 1278 3707 'Apt-

168 3727 329 3816 στοφάνης,
352 3728 397 3798 ὅτι
418 3727 495 3796 κατὰ
515 3728 549 3794 τὸ
580 3725 700 3812 ἀκριβὲς
729 3724 764 3792 τὸ
792 3727 928 3812 ἔγκλημα
943 3728 971 3810 ³)
1001 3723 1130 3794 τοιοῦτόν
1161 3722 1223 3791 ἐστι
1242 3731 1281 3812 τῇ

195 3899 245 3969 t)
264 3897 347 3970 Apud
366 3898 486 3962 Suidam¹
506 3918 531 3956 v.
558 3896 700 3974 Εὐριπίδης,
724 3897 771 3951 nbi
796 3897 829 3952 de
853 3914 956 3968 genere
987 3905 1202 3970 poetaesermo
1230 3902 1281 3961 est,

269 3983 396 4039 landatur
414 3988 491 4040 testis
510 3984 631 4045 Διονύσιος
648 3984 674 4038 lv
689 3992 741 4043 τοῖς
756 3989 883 4058 χρονικοῖς,
901 3982 974 4054 qnod
990 4000 1061 4056 opus
1079 3999 1149 4039 cave
1164 3981 1280 4040 consun-

270 4069 324 4125 das
341 4087 403 4124 cnm
421 4070 539 4125 laudatis
555 4072 683 4143 Dionysii
701 4069 913 4124 commentariis.

218 4174 248 4240 8)
263 4163 343 4247 ,Lege
362 4171 506 4246 ἐκτύκλημα.
542 4173 644 4227 Eodem
662 4172 730 4227 vitio
748 4186 810 4225 mox
828 4171 857 4224 in
876 4169 972 4233 Schol.
996 4171 1064 4229 Coh.
1100 4169 1198 4229 Venet.
1217 4167 1279 4226 cod.

172 4266 175 4271 ’
202 4267 206 4272 ’
272 4255 407 4336 ‘adicio
423 4274 473 4331 pro
490 4257 657 4332 ‘salicto
1052 4346 1075 4410 7
