2902 4822
749 431 829 511 276

230 642 250 689 n
282 622 386 689 verbo
418 621 525 689 iem
557 624 760 708 pendentem.
803 625 895 693 Haec
929 627 959 693 si
988 628 1035 693 ita
1065 639 1159 715 sunt,
1196 640 1234 697 nt
1265 629 1347 715 diui4

228 726 414 793 necessario
448 724 565 811 copula
595 727 655 792 fuit
685 727 879 795 adiicienda:
919 732 1035 815 Λητοῦς
1070 725 1095 797 τ’
1122 730 1236 818 ἀγλαὸν
1263 730 1347 801 uidet

228 831 347 916 quibus
365 830 473 897 verbis
494 832 600 898 iustus
618 830 655 895 fit
673 835 828 901 transitus
849 834 891 900 ad
909 822 1095 921 sentientia:
1114 835 1207 925 ὁγὰρ
1224 840 1348 927 &odiit

226 932 379 1021 χολωθεὶς
400 946 461 1002 etc
505 933 565 1001 His
587 937 704 1021 positis
724 938 921 1022 perspicitur
941 941 1031 1025 prius
1053 944 1273 1028 prooemium,
1300 944 1347 1011 nd

226 1041 315 1125 quod
336 1041 448 1125 redeo,
470 1041 633 1127 integrum
653 1041 696 1107 nd
725 1061 786 1108 nos
808 1041 969 1127 perlatum
997 1065 1083 1110 esse.
1127 1044 1262 1119 Scilicet
1282 1066 1346 1131 per

224 1165 356 1211 versum
378 1167 492 1231 unum,
526 1167 590 1233 quo
622 1168 697 1212 enm
718 1146 968 1233 Musisdpollo
992 1149 1178 1235 invocetur,
1207 1150 1346 1217 introitu

222 1251 312 1318 iacto
348 1265 464 1319 auctor
499 1253 652 1319 continuo
682 1253 724 1318 ad
761 1275 831 1319 rem
861 1257 986 1342 pergit,
1030 1265 1127 1341 atque
1159 1256 1246 1323 siout
1275 1256 1345 1321 illic

221 1360 339 1443 Λητοῦς
359 1360 386 1425 τ’
409 1356 523 1443 ἀγλαὸν
543 1355 610 1425 υἱὸν.
628 1358 800 1425 dicendum
820 1361 890 1443 fuit,
912 1360 956 1426 ita
979 1360 1032 1426 hio
1053 1363 1174 1445 pariter
1195 1363 1344 1429 nomion-

220 1464 308 1531 u’vne
339 1466 373 1531 in
406 1465 629 1532 accusativum
662 1465 835 1531 mutandus
868 1474 948 1533 erat.
996 1463 1089 1531 Unde
1120 1465 1203 1533 haec
1235 1467 1342 1533 forme

216 1573 375 1656 prooemii
396 1573 522 1658 prodit:

364 1677 488 1752 Μούσας
506 1675 601 1743 ἀείδω
622 1674 674 1743 καὶ
692 1671 876 1744 Ἀπόλλωνα
897 1674 1088 1762 κλυτότοξον,

366 1784 484 1866 Λητοῦς
504 1778 615 1865 ἀγλαὸν
636 1778 717 1848 υἱόν·
741 1778 759 1849 ὁ
780 1780 838 1869 γὰρ
861 1785 982 1871 βαοτλῆϊ
1002 1784 1163 1869 χολωθείς.
1271 1832 1274 1839 -

218 1887 367 1955 Alterum
388 1888 475 1954 huno
496 1889 530 1953 in
551 1888 683 1953 modum
704 1889 892 1954 formatum:

358 1990 491 2060 Ἔστττε
511 1995 559 2059 νῦν
583 2016 633 2078 μοι
653 1996 771 2061 Μοῦσαι
788 1988 942 2080 Ὀλύμπια
963 1989 1077 2080 δώματ’
1098 1996 1250 2082 ἔχουσαι,-

362 2094 470 2174 orno<
492 2097 529 2183 δὴ
552 2098 638 2184 μῆνές
657 2120 691 2163 τε
711 2096 806 2182 χόλος
826 2090 856 2163 o’
880 2096 932 2163 tte
953 2099 1129 2182 [inicium
1213 2130 1220 2145 ·
1256 2142 1259 2147 -

359 2195 520 2287 Δηττυς
496 2225 514 2267 τ
543 2199 655 2285 ἀγλαὸν
677 2199 791 2268 υἱόν·’
775 2225 794 2267 o
810 2199 874 2287 γὰρ
897 2202 1017 2289 βασιλῆι·
1038 2203 1279 2288 χολωθείς.-

299 2303 360 2371 His
383 2305 461 2370 nihil
483 2325 569 2370 nunc
591 2305 696 2370 haheo
726 2305 813 2391 quod
845 2304 887 2369 ad
916 2315 1103 2371 contextum
1128 2307 1247 2390 ipsum
1263 2232 1342 2375 idn

215 2411 383 2477 strandum
412 2410 530 2475 nddnm
563 2411 626 2476 nisi
660 2410 750 2496 quod
781 2404 974 2475 formulat‘
974 2432 1089 2486 ττως
1085 2410 1164 2496 δὴ,
1171 2410 1286 2479 littere
1314 2384 1343 2479 sd

212 2525 346 2599 propter
366 2525 505 2580 metrum
527 2516 699 2600 geminata,
722 2515 780 2595 ¹‘)
771 2534 804 2577 rn
826 2514 1011 2597 prooemio,
1044 2513 1133 2598 quod
1154 2532 1255 2599 supro
1277 2514 1340 2589 do

213 2617 423 2702 signavimus,
445 2619 594 2703 recurrit,
616 2616 705 2682 iliad
726 2640 759 2696 τ,
783 2617 863 2680 112:
1242 2664 1258 2679 .
1297 2672 1300 2677 .

352 2717 484 2788 Ἔστετε
504 2728 554 2787 νῦν
575 2743 624 2806 μοι
645 2723 772 2802 Μοῦσαι,
791 2712 945 2806 Ολύμπια
967 2714 1078 2807 ὁώματ
1101 2720 1238 2806 ἵχουοτς

230 2874 233 2879 -
347 2822 470 2901 ὅππως
491 2824 530 2912 δὴ
551 2835 670 2914 πρῶτον
692 2834 751 2912 nup
773 2825 899 2912 ἔμπεσεν
919 2824 1018 2913 νηυσὶν
1037 2820 1235 2913 Ἀχαιῶνμ.
1295 2856 1308 2871 -·
1335 2858 1340 2887 ;

681 2986 684 2991 ’
715 2991 744 3057 i·
774 2982 826 3050 83.

387 3111 437 3169 De
457 3110 605 3187 reliquo
628 3108 772 3183 cepitis
794 3106 905 3167 tertii
927 3114 1158 3185 argumento.

223 3288 226 3293 ·
300 3241 402 3308 Adim
423 3245 489 3309 iam
510 3265 571 3330 per
591 3247 663 3329 ipsa
685 3244 851 3329 prooemia
873 3243 970 3328 iacto,
992 3245 1118 3329 inipso
1143 3242 1336 3311 Heliconiae

214 3346 324 3415 liudis
339 3349 514 3431 penetralia
527 3349 720 3416 intrantibus
735 3359 822 3413 tenta
836 3347 985 3413 obiicitur
997 3347 1115 3433 caligo,
1136 3344 1231 3415 nrt-de
1243 3358 1338 3417 tener

208 3453 287 3539 bris,
310 3453 427 3539 quibus
438 3453 615 3540 obruimur,
630 3476 690 3539 per
703 3474 754 3519 me
767 3453 897 3538 quidem
911 3451 1131 3536 dispellendis,
1147 3440 1339 3541 desperem,-

213 3557 286 3641 Qno
309 3558 481 3625 ohscurior
501 3568 610 3625 autern
629 3569 718 3625 totns
735 3559 787 3624 hic
803 3555 966 3623 Anecdoti
983 3557 1078 3625 locus
1094 3568 1155 3642 est,
1178 3561 1236 3645 qui
1254 3580 1336 3627 oon·

210 3660 301 3727 tirno
323 3662 500 3744 prooemiis
522 3661 711 3742 subiicitur,
746 3681 788 3726 oo
818 3661 939 3725 maiore
960 3671 1069 3725 tamen
1098 3680 1177 3727 onrn
1196 3680 1334 3746 opernm

212 3762 309 3846 dabo,
332 3773 370 3829 ut
390 3775 544 3850 quantum
565 3764 636 3829 fieri
658 3787 719 3849 per
741 3786 793 3830 me
814 3775 934 3851 potest,
957 3766 999 3830 ad
1014 3765 1239 3831 illustrandum
1256 3785 1335 3833 eun

211 3864 396 3949 conseram,
429 3866 492 3931 hoc
521 3868 586 3931 iam
607 3877 797 3953 contentus,
830 3869 861 3933 si
881 3888 901 3933 a
923 3888 1003 3933 vero
1031 3890 1096 3956 ego
1118 3888 1218 3955 quum
1238 3868 1335 3935 eber·

211 3986 303 4053 roro,
337 3987 450 4036 errore
472 3990 546 4037 meo
570 3969 707 4038 aliorum
736 3972 878 4039 sortasse
907 3991 1037 4041 errores
1068 3971 1334 4059 proscinduntur.

264 4191 291 4262 ι)
308 4191 386 4250 uffan
406 4212 433 4262 i,
451 4195 511 4252 nsi.
541 4196 639 4261 sorr.
670 4214 693 4262 tt,
717 4195 779 4251 ms.
808 4192 833 4262 ε,
853 4194 912 4252 roo.
943 4212 968 4269 ρ,
996 4160 1075 4254 ιττ
1094 4214 1117 4265 0,
1141 4196 1203 4251 tm.
1233 4214 1260 4269 i,
1277 4196 1335 4249 m

233 4330 236 4351 2
302 4276 416 4357 -ῼᾷγετ,
433 4298 462 4351 τ,
476 4283 540 4343 2⁷0.
555 4285 616 4337 ωδ.
649 4282 755 4351 5³²⁹·
778 4305 802 4355 υ,
819 4286 864 4353 2⁹,
883 4298 936 4355 qno
952 4284 1069 4362 iocoiip
1087 4284 1226 4355 adiicitur.
