<?xml version="1.0" encoding="UTF-8"?>
<!DOCTYPE html PUBLIC "-//W3C//DTD XHTML 1.0 Transitional//EN"
    "http://www.w3.org/TR/xhtml1/DTD/xhtml1-transitional.dtd">
<html xmlns="http://www.w3.org/1999/xhtml" xml:lang="en" lang="en">
 <head>
  <title>
</title>
<meta http-equiv="Content-Type" content="text/html;charset=utf-8" />
  <meta name='ocr-system' content='tesseract 3.04.00' />
  <meta name='ocr-capabilities' content='ocr_page ocr_carea ocr_par ocr_line ocrx_word'/>
</head>
<body>
  <div class='ocr_page' id='page_1' title='image "./anecdotumromanu00osangoog_0322.png"; bbox 0 0 2902 4822; ppageno 0'>
   <div class='ocr_carea' id='block_1_1' title="bbox 95 608 1305 926">
    <p class='ocr_par' dir='ltr' id='par_1_1' title="bbox 95 608 1305 926">
     <span class='ocr_line' id='line_1_1' title="bbox 96 608 1209 719; baseline 0 -22"><span class='ocrx_word' id='word_1_1' title='bbox 96 652 160 697; x_wconf 90' lang='lat' dir='ltr'><strong>non</strong></span> <span class='ocrx_word' id='word_1_2' title='bbox 174 631 343 696; x_wconf 78' lang='lat' dir='ltr'><strong>laborabo:</strong></span> <span class='ocrx_word' id='word_1_3' title='bbox 366 630 506 697; x_wconf 81' lang='lat' dir='ltr'><strong>sufficiet</strong></span> <span class='ocrx_word' id='word_1_4' title='bbox 528 633 569 697; x_wconf 88' lang='lat' dir='ltr'><strong>ad</strong></span> <span class='ocrx_word' id='word_1_5' title='bbox 587 632 671 697; x_wconf 86' lang='lat' dir='ltr'><strong>viam</strong></span> <span class='ocrx_word' id='word_1_6' title='bbox 689 629 930 697; x_wconf 77' lang='lat' dir='ltr'><strong>monstrandam</strong></span> <span class='ocrx_word' id='word_1_7' title='bbox 950 649 1050 697; x_wconf 88' lang='lat' dir='ltr'><strong>unum</strong></span> <span class='ocrx_word' id='word_1_8' title='bbox 1066 608 1209 719; x_wconf 71' lang='lat' dir='ltr'><strong>notasse,</strong></span> 
     </span>
     <span class='ocr_line' id='line_1_2' title="bbox 95 730 1212 822; baseline 0.001 -20"><span class='ocrx_word' id='word_1_9' title='bbox 95 739 135 802; x_wconf 85' lang='lat' dir='ltr'><strong>iis</strong></span> <span class='ocrx_word' id='word_1_10' title='bbox 158 738 307 802; x_wconf 87' lang='lat' dir='ltr'><strong>omnihus</strong></span> <span class='ocrx_word' id='word_1_11' title='bbox 334 735 436 821; x_wconf 82' lang='lat' dir='ltr'><strong>loeis,</strong></span> <span class='ocrx_word' id='word_1_12' title='bbox 470 739 525 822; x_wconf 84' lang='lat' dir='ltr'><strong>qui</strong></span> <span class='ocrx_word' id='word_1_13' title='bbox 555 747 645 803; x_wconf 84' lang='lat' dir='ltr'><strong>certo</strong></span> <span class='ocrx_word' id='word_1_14' title='bbox 679 757 721 802; x_wconf 84' lang='lat' dir='ltr'><strong>ex</strong></span> <span class='ocrx_word' id='word_1_15' title='bbox 752 735 852 800; x_wconf 87' lang='lat' dir='ltr'><strong>tibris·</strong></span> <span class='ocrx_word' id='word_1_16' title='bbox 872 734 915 800; x_wconf 92' lang='lat' dir='ltr'><strong>da</strong></span> <span class='ocrx_word' id='word_1_17' title='bbox 946 735 1070 802; x_wconf 86' lang='lat' dir='ltr'><strong>musiea</strong></span> <span class='ocrx_word' id='word_1_18' title='bbox 1088 730 1212 803; x_wconf 79' lang='lat' dir='ltr'><strong>iaudbtt&#39;</strong></span> 
     </span>
     <span class='ocr_line' id='line_1_3' title="bbox 96 838 1305 926; baseline 0.004 -20"><span class='ocrx_word' id='word_1_19' title='bbox 96 843 245 907; x_wconf 86' lang='lat' dir='ltr'><strong>dicuntur</strong></span> <span class='ocrx_word' id='word_1_20' title='bbox 276 841 329 906; x_wconf 89' lang='lat' dir='ltr'><strong>vel</strong></span> <span class='ocrx_word' id='word_1_21' title='bbox 359 841 472 905; x_wconf 87' lang='lat' dir='ltr'><strong>iisdem</strong></span> <span class='ocrx_word' id='word_1_22' title='bbox 503 862 602 926; x_wconf 88' lang='lat' dir='ltr'><strong>supra</strong></span> <span class='ocrx_word' id='word_1_23' title='bbox 625 840 775 905; x_wconf 80' lang='lat' dir='ltr'><strong>vindicati</strong></span> <span class='ocrx_word' id='word_1_24' title='bbox 797 847 890 925; x_wconf 86' lang='lat' dir='ltr'><strong>sunt,</strong></span> <span class='ocrx_word' id='word_1_25' title='bbox 923 838 964 904; x_wconf 87' lang='lat' dir='ltr'><strong>de</strong></span> <span class='ocrx_word' id='word_1_26' title='bbox 985 840 1120 907; x_wconf 86' lang='lat' dir='ltr'><strong>historia</strong></span> <span class='ocrx_word' id='word_1_27' title='bbox 1142 862 1212 908; x_wconf 90' lang='lat' dir='ltr'><strong>mu·</strong></span> <span class='ocrx_word' id='word_1_28' title='bbox 1302 896 1305 911; x_wconf 87' lang='lat'>.</span> 
     </span>
    </p>
   </div>
   <div class='ocr_carea' id='block_1_2' title="bbox 96 936 1211 1136">
    <p class='ocr_par' dir='ltr' id='par_1_2' title="bbox 96 936 1211 1136">
     <span class='ocr_line' id='line_1_4' title="bbox 96 936 1211 1034; baseline -0.002 -22"><span class='ocrx_word' id='word_1_29' title='bbox 96 949 190 1012; x_wconf 82' lang='lat' dir='ltr'><strong>sicae</strong></span> <span class='ocrx_word' id='word_1_30' title='bbox 206 949 366 1034; x_wconf 72' lang='lat' dir='ltr'><strong>agique</strong></span> <span class='ocrx_word' id='word_1_31' title='bbox 388 944 485 1010; x_wconf 85' lang='lat' dir='ltr'><strong>simul</strong></span> <span class='ocrx_word' id='word_1_32' title='bbox 507 948 693 1011; x_wconf 83' lang='lat' dir='ltr'><strong>coniectura</strong></span> <span class='ocrx_word' id='word_1_33' title='bbox 715 964 814 1030; x_wconf 87' lang='lat' dir='ltr'><strong>supra</strong></span> <span class='ocrx_word' id='word_1_34' title='bbox 835 946 1004 1030; x_wconf 88' lang='lat' dir='ltr'><strong>proposita</strong></span> <span class='ocrx_word' id='word_1_35' title='bbox 1026 944 1069 1011; x_wconf 89' lang='lat' dir='ltr'><strong>de</strong></span> <span class='ocrx_word' id='word_1_36' title='bbox 1086 936 1211 1011; x_wconf 67' lang='lat' dir='ltr'><strong>datione</strong></span> 
     </span>
     <span class='ocr_line' id='line_1_5' title="bbox 96 1050 1103 1136; baseline -0.006 -20"><span class='ocrx_word' id='word_1_37' title='bbox 96 1061 154 1116; x_wconf 82' lang='grc' dir='ltr'><strong>τῶν</strong></span> <span class='ocrx_word' id='word_1_38' title='bbox 176 1050 432 1136; x_wconf 73' lang='grc' dir='ltr'><strong>Πραξιδαμαντίοιν</strong></span> <span class='ocrx_word' id='word_1_39' title='bbox 451 1052 538 1116; x_wconf 89' lang='lat' dir='ltr'><strong>houd</strong></span> <span class='ocrx_word' id='word_1_40' title='bbox 561 1069 674 1135; x_wconf 83' lang='lat' dir='ltr'><strong>parurn</strong></span> <span class='ocrx_word' id='word_1_41' title='bbox 697 1057 937 1115; x_wconf 72' lang='lat' dir='ltr'><strong>sustentatur.</strong></span> <span class='ocrx_word' id='word_1_42' title='bbox 1100 1056 1103 1060; x_wconf 87' lang='lat'>&#39;</span> 
     </span>
    </p>
   </div>
   <div class='ocr_carea' id='block_1_3' title="bbox 183 1152 1215 1239">
    <p class='ocr_par' dir='ltr' id='par_1_3' title="bbox 183 1143 1340 1241">
     <span class='ocr_line' id='line_1_6' title="bbox 183 1152 1215 1239; baseline 0 -17"><span class='ocrx_word' id='word_1_43' title='bbox 183 1156 289 1239; x_wconf 81' lang='lat' dir='ltr'><strong>Quum</strong></span> <span class='ocrx_word' id='word_1_44' title='bbox 317 1155 457 1220; x_wconf 85' lang='lat' dir='ltr'><strong>semei&#39;</strong></span> <span class='ocrx_word' id='word_1_45' title='bbox 445 1176 480 1220; x_wconf 87' lang='lat' dir='ltr'><strong>ru</strong></span> <span class='ocrx_word' id='word_1_46' title='bbox 509 1157 739 1221; x_wconf 79' lang='lat' dir='ltr'><strong>Aristoxenum</strong></span> <span class='ocrx_word' id='word_1_47' title='bbox 756 1153 982 1237; x_wconf 81' lang='lat' dir='ltr'><strong>inuiderimus,</strong></span> <span class='ocrx_word' id='word_1_48' title='bbox 1010 1170 1110 1220; x_wconf 87' lang='lat' dir='ltr'><strong>unum</strong></span> <span class='ocrx_word' id='word_1_49' title='bbox 1132 1152 1215 1222; x_wconf 74' lang='lat' dir='ltr'><strong>alte&#39;⁴</strong></span> 
     </span>
    </p>
   </div>
   <div class='ocr_carea' id='block_1_4' title="bbox 97 1256 1218 1450">
    <p class='ocr_par' dir='ltr' id='par_1_4' title="bbox 97 1256 1218 1450">
     <span class='ocr_line' id='line_1_7' title="bbox 97 1256 1218 1348; baseline -0.048 -23"><span class='ocrx_word' id='word_1_50' title='bbox 97 1281 234 1345; x_wconf 88' lang='lat' dir='ltr'><strong>rumque</strong></span> <span class='ocrx_word' id='word_1_51' title='bbox 255 1260 363 1325; x_wconf 89' lang='lat' dir='ltr'><strong>locum</strong></span> <span class='ocrx_word' id='word_1_52' title='bbox 387 1261 476 1325; x_wconf 87' lang='lat' dir='ltr'><strong>iuvat</strong></span> <span class='ocrx_word' id='word_1_53' title='bbox 498 1272 622 1343; x_wconf 89' lang='lat' dir='ltr'><strong>notare,</strong></span> <span class='ocrx_word' id='word_1_54' title='bbox 645 1278 711 1346; x_wconf 86' lang='lat' dir='ltr'><strong>quo</strong></span> <span class='ocrx_word' id='word_1_55' title='bbox 733 1257 856 1325; x_wconf 90' lang='lat' dir='ltr'><strong>Mahuii</strong></span> <span class='ocrx_word' id='word_1_56' title='bbox 884 1256 1031 1345; x_wconf 74' lang='lat' dir='ltr'><strong>syllabus</strong></span> <span class='ocrx_word' id='word_1_57' title='bbox 1052 1258 1218 1348; x_wconf 55' lang='lat' dir='ltr'><strong>stegmffi</strong></span> 
     </span>
     <span class='ocr_line' id='line_1_8' title="bbox 97 1364 658 1450; baseline -0.021 -18"><span class='ocrx_word' id='word_1_58' title='bbox 97 1374 202 1430; x_wconf 88' lang='lat' dir='ltr'><strong>torum</strong></span> <span class='ocrx_word' id='word_1_59' title='bbox 225 1364 370 1450; x_wconf 85' lang='lat' dir='ltr'><strong>suppleri</strong></span> <span class='ocrx_word' id='word_1_60' title='bbox 392 1367 519 1450; x_wconf 72' lang='lat' dir='ltr'><strong>poterit-</strong></span> <span class='ocrx_word' id='word_1_61' title='bbox 655 1431 658 1437; x_wconf 27' lang='lat'>¹</span> 
     </span>
    </p>
   </div>
   <div class='ocr_carea' id='block_1_5' title="bbox 458 1537 853 1624">
    <p class='ocr_par' dir='ltr' id='par_1_5' title="bbox 458 1537 853 1624">
     <span class='ocr_line' id='line_1_9' title="bbox 458 1537 853 1624; baseline -0.003 -18"><span class='ocrx_word' id='word_1_62' title='bbox 458 1537 510 1607; x_wconf 83' lang='grc' dir='ltr'><strong>Τὰ</strong></span> <span class='ocrx_word' id='word_1_63' title='bbox 532 1537 750 1608; x_wconf 71' lang='grc' dir='ltr'><strong>Μαντινέων</strong></span> <span class='ocrx_word' id='word_1_64' title='bbox 771 1538 853 1624; x_wconf 79' lang='grc' dir='ltr'><strong>έθη.</strong></span> 
     </span>
    </p>
   </div>
   <div class='ocr_carea' id='block_1_6' title="bbox 97 1674 1222 2295">
    <p class='ocr_par' dir='ltr' id='par_1_6' title="bbox 97 1674 1222 2295">
     <span class='ocr_line' id='line_1_10' title="bbox 182 1674 1216 1764; baseline 0.005 -22"><span class='ocrx_word' id='word_1_65' title='bbox 182 1674 350 1742; x_wconf 76' lang='lat' dir='ltr'><strong>Phaedrus</strong></span> <span class='ocrx_word' id='word_1_66' title='bbox 379 1677 421 1743; x_wconf 86' lang='lat' dir='ltr'><strong>da</strong></span> <span class='ocrx_word' id='word_1_67' title='bbox 453 1689 517 1744; x_wconf 86' lang='lat' dir='ltr'><strong>nat.</strong></span> <span class='ocrx_word' id='word_1_68' title='bbox 545 1680 636 1744; x_wconf 86' lang='lat' dir='ltr'><strong>de&#39;or.</strong></span> <span class='ocrx_word' id='word_1_69' title='bbox 663 1699 695 1763; x_wconf 88' lang='lat' dir='ltr'><strong>p.</strong></span> <span class='ocrx_word' id='word_1_70' title='bbox 722 1679 765 1744; x_wconf 78' lang='lat'><strong>23</strong></span> <span class='ocrx_word' id='word_1_71' title='bbox 794 1677 846 1743; x_wconf 88' lang='lat' dir='ltr'><strong>ed.</strong></span> <span class='ocrx_word' id='word_1_72' title='bbox 874 1675 1046 1764; x_wconf 81' lang='lat' dir='ltr'><strong>Peterson,</strong></span> <span class='ocrx_word' id='word_1_73' title='bbox 1085 1678 1143 1746; x_wconf 92' lang='lat' dir='ltr'><strong>ubi</strong></span> <span class='ocrx_word' id='word_1_74' title='bbox 1173 1679 1216 1747; x_wconf 89' lang='lat' dir='ltr'><strong>da</strong></span> 
     </span>
     <span class='ocr_line' id='line_1_11' title="bbox 97 1766 1214 1869; baseline 0.004 -22"><span class='ocrx_word' id='word_1_75' title='bbox 97 1796 211 1847; x_wconf 88' lang='lat' dir='ltr'><strong>natura</strong></span> <span class='ocrx_word' id='word_1_76' title='bbox 240 1783 374 1847; x_wconf 86' lang='lat' dir='ltr'><strong>deorum</strong></span> <span class='ocrx_word' id='word_1_77' title='bbox 404 1784 562 1848; x_wconf 91' lang='lat' dir='ltr'><strong>sententia</strong></span> <span class='ocrx_word' id='word_1_78' title='bbox 589 1781 774 1847; x_wconf 83' lang='lat' dir='ltr'><strong>Stoicorum</strong></span> <span class='ocrx_word' id='word_1_79' title='bbox 801 1783 991 1867; x_wconf 82' lang='lat' dir='ltr'><strong>exponitur:</strong></span> <span class='ocrx_word' id='word_1_80' title='bbox 1025 1766 1214 1869; x_wconf 74' lang='grc' dir='ltr'><strong>ἀνθρώποιο-</strong></span> 
     </span>
     <span class='ocr_line' id='line_1_12' title="bbox 98 1882 1216 1976; baseline 0.003 -24"><span class='ocrx_word' id='word_1_81' title='bbox 98 1890 159 1962; x_wconf 81' lang='grc' dir='ltr'><strong>θτῖς</strong></span> <span class='ocrx_word' id='word_1_82' title='bbox 183 1885 294 1971; x_wconf 88' lang='lat' dir='ltr'><strong>[deos]</strong></span> <span class='ocrx_word' id='word_1_83' title='bbox 317 1882 375 1973; x_wconf 78' lang='grc' dir='ltr'><strong>γὰρ</strong></span> <span class='ocrx_word' id='word_1_84' title='bbox 398 1883 503 1954; x_wconf 76' lang='grc' dir='ltr'><strong>ἐκεῖνοι</strong></span> <span class='ocrx_word' id='word_1_85' title='bbox 525 1885 559 1954; x_wconf 80' lang='grc' dir='ltr'><strong>οῦ</strong></span> <span class='ocrx_word' id='word_1_86' title='bbox 581 1886 756 1972; x_wconf 75' lang='grc' dir='ltr'><strong>νομίζουσιν,</strong></span> <span class='ocrx_word' id='word_1_87' title='bbox 778 1883 858 1952; x_wconf 80' lang='grc' dir='ltr'><strong>ἀλλὰ</strong></span> <span class='ocrx_word' id='word_1_88' title='bbox 880 1882 973 1972; x_wconf 81' lang='grc' dir='ltr'><strong>ἀέρας</strong></span> <span class='ocrx_word' id='word_1_89' title='bbox 993 1885 1045 1954; x_wconf 78' lang='grc' dir='ltr'><strong>καλ</strong></span> <span class='ocrx_word' id='word_1_90' title='bbox 1065 1887 1216 1976; x_wconf 70' lang='grc' dir='ltr'><strong>πτώματα</strong></span> 
     </span>
     <span class='ocr_line' id='line_1_13' title="bbox 97 1984 1222 2076; baseline 0.005 -21"><span class='ocrx_word' id='word_1_91' title='bbox 97 1990 148 2057; x_wconf 80' lang='grc' dir='ltr'><strong>καὶ</strong></span> <span class='ocrx_word' id='word_1_92' title='bbox 169 1988 302 2076; x_wconf 80' lang='grc' dir='ltr'><strong>αἰθέρος,</strong></span> <span class='ocrx_word' id='word_1_93' title='bbox 325 1984 394 2057; x_wconf 81' lang='grc' dir='ltr'><strong>ὥστ’</strong></span> <span class='ocrx_word' id='word_1_94' title='bbox 416 1993 514 2076; x_wconf 78' lang='grc' dir='ltr'><strong>ἔγωγε</strong></span> <span class='ocrx_word' id='word_1_95' title='bbox 535 1989 586 2058; x_wconf 79' lang='grc' dir='ltr'><strong>καὶ</strong></span> <span class='ocrx_word' id='word_1_96' title='bbox 605 1986 839 2076; x_wconf 75' lang='grc' dir='ltr'><strong>τεθαρρηκότως</strong></span> <span class='ocrx_word' id='word_1_97' title='bbox 860 1987 980 2076; x_wconf 71' lang='grc' dir='ltr'><strong>εἴποιμι,</strong></span> <span class='ocrx_word' id='word_1_98' title='bbox 1001 1991 1122 2070; x_wconf 72' lang='grc' dir='ltr'><strong>τούτους</strong></span> <span class='ocrx_word' id='word_1_99' title='bbox 1140 1994 1222 2061; x_wconf 83' lang='grc' dir='ltr'><strong>Δια-“</strong></span> 
     </span>
     <span class='ocr_line' id='line_1_14' title="bbox 97 2092 1215 2183; baseline -0.001 -22"><span class='ocrx_word' id='word_1_100' title='bbox 97 2095 189 2182; x_wconf 73' lang='grc' dir='ltr'><strong>μόρου</strong></span> <span class='ocrx_word' id='word_1_101' title='bbox 212 2099 324 2183; x_wconf 83' lang='grc' dir='ltr'><strong>μᾶλλον</strong></span> <span class='ocrx_word' id='word_1_102' title='bbox 346 2098 534 2182; x_wconf 80' lang='grc' dir='ltr'><strong>πλημμελεῖν.</strong></span> <span class='ocrx_word' id='word_1_103' title='bbox 573 2093 611 2163; x_wconf 85' lang='grc' dir='ltr'><em>Ὃ</em></span> <span class='ocrx_word' id='word_1_104' title='bbox 635 2094 686 2182; x_wconf 81' lang='grc' dir='ltr'><strong>μὲν</strong></span> <span class='ocrx_word' id='word_1_105' title='bbox 708 2093 766 2182; x_wconf 82' lang='grc' dir='ltr'><strong>γὰρ</strong></span> <span class='ocrx_word' id='word_1_106' title='bbox 786 2096 914 2178; x_wconf 60' lang='lat' dir='ltr'><strong>buado,</strong></span> <span class='ocrx_word' id='word_1_107' title='bbox 947 2093 1031 2182; x_wconf 77' lang='grc' dir='ltr'><strong>εἴπερ</strong></span> <span class='ocrx_word' id='word_1_108' title='bbox 1054 2095 1114 2183; x_wconf 74' lang='grc' dir='ltr'><strong>ἄρα</strong></span> <span class='ocrx_word' id='word_1_109' title='bbox 1133 2092 1215 2166; x_wconf 75' lang='grc' dir='ltr'><strong>τοῦθ’</strong></span> 
     </span>
     <span class='ocr_line' id='line_1_15' title="bbox 98 2197 1217 2295; baseline 0.004 -29"><span class='ocrx_word' id='word_1_110' title='bbox 98 2200 194 2295; x_wconf 70' lang='grc' dir='ltr'><strong>οὕτως</strong></span> <span class='ocrx_word' id='word_1_111' title='bbox 221 2199 307 2284; x_wconf 81' lang='grc' dir='ltr'><strong>ἐστίν,</strong></span> <span class='ocrx_word' id='word_1_112' title='bbox 338 2198 405 2266; x_wconf 83' lang='grc' dir='ltr'><strong>ἀλλ’</strong></span> <span class='ocrx_word' id='word_1_113' title='bbox 433 2199 489 2268; x_wconf 75' lang='grc' dir='ltr'><strong>οὐκ</strong></span> <span class='ocrx_word' id='word_1_114' title='bbox 518 2199 712 2288; x_wconf 79' lang='grc' dir='ltr'><strong>έπενήνεκται,</strong></span> <span class='ocrx_word' id='word_1_115' title='bbox 739 2197 877 2288; x_wconf 78' lang='grc' dir='ltr'><strong>καθάπερ</strong></span> <span class='ocrx_word' id='word_1_116' title='bbox 908 2197 938 2266; x_wconf 78' lang='grc' dir='ltr'><strong>ἐν</strong></span> <span class='ocrx_word' id='word_1_117' title='bbox 963 2207 1025 2277; x_wconf 81' lang='grc' dir='ltr'><strong>τοῖς</strong></span> <span class='ocrx_word' id='word_1_118' title='bbox 1050 2201 1217 2271; x_wconf 73' lang='grc' dir='ltr'><strong>Μαντινέων</strong></span> 
     </span>
    </p>
   </div>
   <div class='ocr_carea' id='block_1_7' title="bbox 23 2298 1250 4060">
    <p class='ocr_par' dir='ltr' id='par_1_7' title="bbox 96 2298 1250 2705">
     <span class='ocr_line' id='line_1_16' title="bbox 97 2298 1216 2394; baseline 0.004 -24"><span class='ocrx_word' id='word_1_119' title='bbox 97 2306 195 2372; x_wconf 73' lang='grc' dir='ltr'><strong>ἔθεσιν</strong></span> <span class='ocrx_word' id='word_1_120' title='bbox 213 2300 421 2390; x_wconf 75' lang='grc' dir='ltr'><strong>Ἀριστόξενός</strong></span> <span class='ocrx_word' id='word_1_121' title='bbox 447 2329 546 2391; x_wconf 83' lang='grc' dir='ltr'><strong>φησιν.</strong></span> <span class='ocrx_word' id='word_1_122' title='bbox 582 2300 635 2372; x_wconf 83' lang='grc' dir='ltr'><strong>Ἐν</strong></span> <span class='ocrx_word' id='word_1_123' title='bbox 658 2304 693 2371; x_wconf 78' lang='grc' dir='ltr'><strong>δέ</strong></span> <span class='ocrx_word' id='word_1_124' title='bbox 713 2308 749 2394; x_wconf 74' lang='grc' dir='ltr'><strong>τῇ</strong></span> <span class='ocrx_word' id='word_1_125' title='bbox 770 2304 896 2390; x_wconf 75' lang='grc' dir='ltr'><strong>ποιήσει,</strong></span> <span class='ocrx_word' id='word_1_126' title='bbox 918 2298 980 2370; x_wconf 80' lang='grc' dir='ltr'><strong>κατ’</strong></span> <span class='ocrx_word' id='word_1_127' title='bbox 1003 2300 1145 2390; x_wconf 74' lang='grc' dir='ltr'><strong>ἀληθειαν</strong></span> <span class='ocrx_word' id='word_1_128' title='bbox 1167 2301 1216 2374; x_wconf 77' lang='grc' dir='ltr'><strong>ὑπ’</strong></span> 
     </span>
     <span class='ocr_line' id='line_1_17' title="bbox 96 2404 1213 2495; baseline 0.003 -20"><span class='ocrx_word' id='word_1_129' title='bbox 96 2408 187 2475; x_wconf 78' lang='grc' dir='ltr'><strong>αὐτοῦ</strong></span> <span class='ocrx_word' id='word_1_130' title='bbox 216 2406 384 2495; x_wconf 77' lang='grc' dir='ltr'><strong>γεγράφθαι</strong></span> <span class='ocrx_word' id='word_1_131' title='bbox 415 2419 477 2486; x_wconf 82' lang='grc' dir='ltr'><strong>τοῖς</strong></span> <span class='ocrx_word' id='word_1_132' title='bbox 506 2408 587 2487; x_wconf 83' lang='grc' dir='ltr'><strong>ὅλοις</strong></span> <span class='ocrx_word' id='word_1_133' title='bbox 616 2407 701 2476; x_wconf 78' lang='grc' dir='ltr'><strong>οὐδέν</strong></span> <span class='ocrx_word' id='word_1_134' title='bbox 731 2406 853 2493; x_wconf 63' lang='lat' dir='ltr'><strong>doside,</strong></span> <span class='ocrx_word' id='word_1_135' title='bbox 890 2407 1121 2494; x_wconf 67' lang='grc' dir='ltr'><strong>παρτνέραινεν;</strong></span> <span class='ocrx_word' id='word_1_136' title='bbox 1147 2404 1213 2478; x_wconf 78' lang='grc' dir='ltr'><strong>ἀλλ’</strong></span> 
     </span>
     <span class='ocr_line' id='line_1_18' title="bbox 96 2509 1250 2601; baseline 0.005 -24"><span class='ocrx_word' id='word_1_137' title='bbox 96 2510 172 2578; x_wconf 74' lang='grc' dir='ltr'><strong>ἐστὶν</strong></span> <span class='ocrx_word' id='word_1_138' title='bbox 194 2513 336 2600; x_wconf 73' lang='grc' dir='ltr'><strong>εὔφημος,</strong></span> <span class='ocrx_word' id='word_1_139' title='bbox 360 2514 405 2590; x_wconf 82' lang='grc' dir='ltr'><strong>ὡς</strong></span> <span class='ocrx_word' id='word_1_140' title='bbox 426 2516 560 2601; x_wconf 75' lang='grc' dir='ltr'><strong>ποιητής,</strong></span> <span class='ocrx_word' id='word_1_141' title='bbox 589 2511 632 2590; x_wconf 80' lang='grc' dir='ltr'><strong>τῖς</strong></span> <span class='ocrx_word' id='word_1_142' title='bbox 655 2513 690 2579; x_wconf 89' lang='grc' dir='ltr'><strong>τὸ</strong></span> <span class='ocrx_word' id='word_1_143' title='bbox 719 2513 881 2599; x_wconf 82' lang='grc' dir='ltr'><strong>δαιμόνιον,</strong></span> <span class='ocrx_word' id='word_1_144' title='bbox 911 2509 1051 2601; x_wconf 76' lang='grc' dir='ltr'><strong>καθάπερ</strong></span> <span class='ocrx_word' id='word_1_145' title='bbox 1081 2513 1161 2582; x_wconf 70' lang='grc' dir='ltr'><strong>ἄλλα</strong></span> <span class='ocrx_word' id='word_1_146' title='bbox 1183 2538 1216 2582; x_wconf 79' lang='grc' dir='ltr'><strong>τε</strong></span> <span class='ocrx_word' id='word_1_147' title='bbox 1248 2520 1250 2522; x_wconf 77' lang='grc'><strong>’</strong></span> 
     </span>
     <span class='ocr_line' id='line_1_19' title="bbox 96 2611 1227 2705; baseline 0.002 -22"><span class='ocrx_word' id='word_1_148' title='bbox 96 2626 236 2704; x_wconf 73' lang='grc' dir='ltr'><strong>μαρτυρεῖ</strong></span> <span class='ocrx_word' id='word_1_149' title='bbox 257 2617 308 2685; x_wconf 83' lang='grc' dir='ltr'><strong>και</strong></span> <span class='ocrx_word' id='word_1_150' title='bbox 329 2616 364 2684; x_wconf 84' lang='grc' dir='ltr'><strong>τὸ</strong></span> <span class='ocrx_word' id='word_1_151' title='bbox 386 2616 536 2705; x_wconf 80' lang='grc' dir='ltr'><strong>ηεηραμμέ</strong></span> <span class='ocrx_word' id='word_1_152' title='bbox 536 2643 584 2687; x_wconf 88' lang='grc' dir='ltr'><strong>νον</strong></span> <span class='ocrx_word' id='word_1_153' title='bbox 606 2615 647 2694; x_wconf 83' lang='grc' dir='ltr'><strong>εἷς</strong></span> <span class='ocrx_word' id='word_1_154' title='bbox 661 2611 897 2705; x_wconf 83' lang='grc' dir='ltr'><strong>Ἀριοίνθηντὸν</strong></span> <span class='ocrx_word' id='word_1_155' title='bbox 916 2614 1066 2705; x_wconf 77' lang='grc' dir='ltr'><strong>Αρητῖον</strong></span> <span class='ocrx_word' id='word_1_156' title='bbox 1224 2636 1227 2643; x_wconf 93' lang='grc'><strong><em>·</em></strong></span> 
     </span>
    </p>

    <p class='ocr_par' dir='ltr' id='par_1_8' title="bbox 248 2717 1224 2811">
     <span class='ocr_line' id='line_1_20' title="bbox 248 2717 1224 2811; baseline 0.002 -21"><span class='ocrx_word' id='word_1_157' title='bbox 248 2722 337 2808; x_wconf 83' lang='grc' dir='ltr'><strong>θεὸς,</strong></span> <span class='ocrx_word' id='word_1_158' title='bbox 369 2724 458 2808; x_wconf 81' lang='grc' dir='ltr'><strong>θεὸς,</strong></span> <span class='ocrx_word' id='word_1_159' title='bbox 493 2724 553 2810; x_wconf 85' lang='grc' dir='ltr'><strong>πρὸ</strong></span> <span class='ocrx_word' id='word_1_160' title='bbox 584 2722 694 2801; x_wconf 86' lang='grc' dir='ltr'><strong>παντὸς</strong></span> <span class='ocrx_word' id='word_1_161' title='bbox 723 2723 813 2809; x_wconf 77' lang='grc' dir='ltr'><strong>ἔργου</strong></span> <span class='ocrx_word' id='word_1_162' title='bbox 841 2723 975 2808; x_wconf 77' lang='grc' dir='ltr'><strong>βροτείου</strong></span> <span class='ocrx_word' id='word_1_163' title='bbox 1007 2717 1093 2808; x_wconf 80' lang='grc' dir='ltr'><strong>νώμα</strong></span> <span class='ocrx_word' id='word_1_164' title='bbox 1120 2721 1224 2811; x_wconf 77' lang='grc' dir='ltr'><strong>φρένα</strong></span> 
     </span>
    </p>

    <p class='ocr_par' dir='ltr' id='par_1_9' title="bbox 650 2823 997 2913">
     <span class='ocr_line' id='line_1_21' title="bbox 650 2823 997 2913; baseline 0.006 -20"><span class='ocrx_word' id='word_1_165' title='bbox 650 2859 653 2865; x_wconf 63' lang='grc'><strong>’</strong></span> <span class='ocrx_word' id='word_1_166' title='bbox 818 2823 997 2913; x_wconf 64' lang='lat' dir='ltr'><strong>amptum·</strong></span> 
     </span>
    </p>

    <p class='ocr_par' dir='ltr' id='par_1_10' title="bbox 97 2868 718 3020">
     <span class='ocr_line' id='line_1_22' title="bbox 97 2868 718 3020; baseline 0.002 -24"><span class='ocrx_word' id='word_1_167' title='bbox 97 2927 148 2997; x_wconf 82' lang='grc' dir='ltr'><strong>καὶ</strong></span> <span class='ocrx_word' id='word_1_168' title='bbox 168 2929 204 2996; x_wconf 85' lang='grc' dir='ltr'><strong>τὸ</strong></span> <span class='ocrx_word' id='word_1_169' title='bbox 226 2929 267 3008; x_wconf 73' lang='grc' dir='ltr'><strong>εἰς</strong></span> <span class='ocrx_word' id='word_1_170' title='bbox 287 2868 515 3020; x_wconf 77' lang='grc' dir='ltr'><strong>Νικέέοιρον</strong></span> <span class='ocrx_word' id='word_1_171' title='bbox 486 2956 536 2999; x_wconf 89' lang='grc' dir='ltr'><strong>τον</strong></span> <span class='ocrx_word' id='word_1_172' title='bbox 557 2930 718 2998; x_wconf 79' lang='grc' dir='ltr'><strong>Μαντινέα</strong></span> 
     </span>
    </p>

    <p class='ocr_par' dir='ltr' id='par_1_11' title="bbox 23 3031 1226 4060">
     <span class='ocr_line' id='line_1_23' title="bbox 250 3031 1214 3124; baseline 0.003 -20"><span class='ocrx_word' id='word_1_173' title='bbox 250 3036 326 3104; x_wconf 81' lang='grc' dir='ltr'><strong>κατὰ</strong></span> <span class='ocrx_word' id='word_1_174' title='bbox 348 3039 473 3124; x_wconf 78' lang='grc' dir='ltr'><strong>δαί-μονα</strong></span> <span class='ocrx_word' id='word_1_175' title='bbox 494 3035 545 3103; x_wconf 83' lang='grc' dir='ltr'><strong>καὶ</strong></span> <span class='ocrx_word' id='word_1_176' title='bbox 564 3036 654 3122; x_wconf 65' lang='lat' dir='ltr'><strong>eope</strong></span> <span class='ocrx_word' id='word_1_177' title='bbox 675 3033 714 3102; x_wconf 79' lang='grc' dir='ltr'><strong>τὰ</strong></span> <span class='ocrx_word' id='word_1_178' title='bbox 734 3031 829 3102; x_wconf 74' lang='grc' dir='ltr'><strong>πάντα</strong></span> <span class='ocrx_word' id='word_1_179' title='bbox 851 3038 995 3119; x_wconf 84' lang='grc' dir='ltr'><strong>βροτοῖσιν</strong></span> <span class='ocrx_word' id='word_1_180' title='bbox 1022 3034 1214 3106; x_wconf 62' lang='lat' dir='ltr'><strong>todem</strong></span> 
     </span>
     <span class='ocr_line' id='line_1_24' title="bbox 99 3134 1215 3230; baseline 0.005 -26"><span class='ocrx_word' id='word_1_181' title='bbox 99 3137 145 3205; x_wconf 83' lang='grc' dir='ltr'><strong>Τὰ</strong></span> <span class='ocrx_word' id='word_1_182' title='bbox 177 3141 371 3229; x_wconf 75' lang='grc' dir='ltr'><strong>παραπλήσιοι</strong></span> <span class='ocrx_word' id='word_1_183' title='bbox 398 3137 425 3207; x_wconf 61' lang='grc' dir='ltr'><strong>θ’</strong></span> <span class='ocrx_word' id='word_1_184' title='bbox 455 3138 539 3230; x_wconf 73' lang='grc' dir='ltr'><strong>αὐτῷ</strong></span> <span class='ocrx_word' id='word_1_185' title='bbox 564 3137 696 3226; x_wconf 80' lang='grc' dir='ltr'><strong>περιέχει</strong></span> <span class='ocrx_word' id='word_1_186' title='bbox 726 3139 776 3207; x_wconf 80' lang='grc' dir='ltr'><strong>καὶ</strong></span> <span class='ocrx_word' id='word_1_187' title='bbox 804 3139 839 3205; x_wconf 87' lang='grc' dir='ltr'><strong>τὸ</strong></span> <span class='ocrx_word' id='word_1_188' title='bbox 867 3134 1032 3208; x_wconf 77' lang='grc' dir='ltr'><strong>Μαντινέων</strong></span> <span class='ocrx_word' id='word_1_189' title='bbox 1061 3139 1215 3230; x_wconf 73' lang='grc' dir='ltr'><strong>ἐγκώμιον.</strong></span> 
     </span>
     <span class='ocr_line' id='line_1_25' title="bbox 98 3230 1226 3333; baseline 0.008 -27"><span class='ocrx_word' id='word_1_190' title='bbox 98 3245 152 3308; x_wconf 92' lang='lat' dir='ltr'><strong>Ad</strong></span> <span class='ocrx_word' id='word_1_191' title='bbox 175 3266 271 3330; x_wconf 90' lang='lat' dir='ltr'><strong>quem</strong></span> <span class='ocrx_word' id='word_1_192' title='bbox 291 3246 401 3312; x_wconf 85' lang='lat' dir='ltr'><strong>locum</strong></span> <span class='ocrx_word' id='word_1_193' title='bbox 421 3246 505 3312; x_wconf 89' lang='lat' dir='ltr'><strong>bene</strong></span> <span class='ocrx_word' id='word_1_194' title='bbox 528 3244 680 3311; x_wconf 86' lang='lat' dir='ltr'><strong>admovet</strong></span> <span class='ocrx_word' id='word_1_195' title='bbox 702 3230 808 3310; x_wconf 86' lang='lat' dir='ltr'><strong>editor</strong></span> <span class='ocrx_word' id='word_1_196' title='bbox 829 3245 957 3311; x_wconf 87' lang='lat' dir='ltr'><strong>Aeliani</strong></span> <span class='ocrx_word' id='word_1_197' title='bbox 978 3242 1020 3316; x_wconf 81' lang='lat' dir='ltr'><strong>V.</strong></span> <span class='ocrx_word' id='word_1_198' title='bbox 1041 3245 1081 3314; x_wconf 76' lang='grc' dir='ltr'><strong>Μ</strong></span> <span class='ocrx_word' id='word_1_199' title='bbox 1103 3247 1142 3333; x_wconf 87' lang='grc' dir='ltr'><strong>Μ,</strong></span> <span class='ocrx_word' id='word_1_200' title='bbox 1162 3249 1226 3332; x_wconf 71' lang='grc' dir='ltr'><strong>θθ,·</strong></span> 
     </span>
     <span class='ocr_line' id='line_1_26' title="bbox 98 3348 1226 3438; baseline 0.001 -23"><span class='ocrx_word' id='word_1_201' title='bbox 98 3348 151 3415; x_wconf 82' lang='lat' dir='ltr'><strong>uhi</strong></span> <span class='ocrx_word' id='word_1_202' title='bbox 174 3350 216 3414; x_wconf 89' lang='lat' dir='ltr'><strong>de</strong></span> <span class='ocrx_word' id='word_1_203' title='bbox 237 3349 401 3416; x_wconf 81' lang='lat' dir='ltr'><strong>Nicodoro</strong></span> <span class='ocrx_word' id='word_1_204' title='bbox 425 3350 555 3434; x_wconf 75' lang='lat' dir='ltr'><strong>athleta,</strong></span> <span class='ocrx_word' id='word_1_205' title='bbox 579 3352 634 3437; x_wconf 89' lang='lat' dir='ltr'><strong>qui</strong></span> <span class='ocrx_word' id='word_1_206' title='bbox 654 3351 765 3438; x_wconf 86' lang='lat' dir='ltr'><strong>leges,</strong></span> <span class='ocrx_word' id='word_1_207' title='bbox 795 3370 876 3436; x_wconf 84' lang='lat' dir='ltr'><strong>quas</strong></span> <span class='ocrx_word' id='word_1_208' title='bbox 906 3370 927 3414; x_wconf 87' lang='lat' dir='ltr'><strong>a</strong></span> <span class='ocrx_word' id='word_1_209' title='bbox 948 3348 1103 3436; x_wconf 84' lang='lat' dir='ltr'><strong>Diagora</strong></span> <span class='ocrx_word' id='word_1_210' title='bbox 1117 3350 1226 3420; x_wconf 84' lang='lat' dir='ltr'><strong>Melie·</strong></span> 
     </span>
     <span class='ocr_line' id='line_1_27' title="bbox 99 3442 1219 3539; baseline 0.003 -22"><span class='ocrx_word' id='word_1_211' title='bbox 99 3442 299 3539; x_wconf 79' lang='lat' dir='ltr'><strong>accepisset,</strong></span> <span class='ocrx_word' id='word_1_212' title='bbox 328 3453 605 3521; x_wconf 83' lang='lat' dir='ltr'><strong>Mantineensibus</strong></span> <span class='ocrx_word' id='word_1_213' title='bbox 638 3454 771 3522; x_wconf 84' lang='lat' dir='ltr'><strong>dedisse</strong></span> <span class='ocrx_word' id='word_1_214' title='bbox 799 3454 947 3523; x_wconf 76' lang='lat' dir='ltr'><strong>traditur.</strong></span> <span class='ocrx_word' id='word_1_215' title='bbox 992 3452 1144 3521; x_wconf 84' lang='lat' dir='ltr'><strong>Ceterum</strong></span> <span class='ocrx_word' id='word_1_216' title='bbox 1176 3472 1219 3520; x_wconf 81' lang='lat' dir='ltr'><strong>ex</strong></span> 
     </span>
     <span class='ocr_line' id='line_1_28' title="bbox 97 3555 1225 3645; baseline 0.004 -25"><span class='ocrx_word' id='word_1_217' title='bbox 97 3555 238 3623; x_wconf 87' lang='lat' dir='ltr'><strong>Phaedri</strong></span> <span class='ocrx_word' id='word_1_218' title='bbox 270 3557 345 3624; x_wconf 84' lang='lat' dir='ltr'><strong>loeo</strong></span> <span class='ocrx_word' id='word_1_219' title='bbox 375 3559 510 3645; x_wconf 81' lang='lat' dir='ltr'><strong>egregie</strong></span> <span class='ocrx_word' id='word_1_220' title='bbox 540 3559 733 3642; x_wconf 83' lang='lat' dir='ltr'><strong>supplentur</strong></span> <span class='ocrx_word' id='word_1_221' title='bbox 761 3579 801 3624; x_wconf 86' lang='lat' dir='ltr'><strong>ea</strong></span> <span class='ocrx_word' id='word_1_222' title='bbox 834 3578 920 3643; x_wconf 87' lang='lat' dir='ltr'><strong>quae</strong></span> <span class='ocrx_word' id='word_1_223' title='bbox 947 3558 989 3622; x_wconf 86' lang='lat' dir='ltr'><strong>de</strong></span> <span class='ocrx_word' id='word_1_224' title='bbox 1011 3558 1225 3644; x_wconf 71' lang='lat' dir='ltr'><strong>dithyrambis</strong></span> 
     </span>
     <span class='ocr_line' id='line_1_29' title="bbox 23 3651 1220 3748; baseline 0.003 -24"><span class='ocrx_word' id='word_1_225' title='bbox 23 3651 26 3656; x_wconf 69' lang='grc'><strong>’</strong></span> <span class='ocrx_word' id='word_1_226' title='bbox 97 3658 261 3748; x_wconf 81' lang='lat' dir='ltr'><strong>Diagorae</strong></span> <span class='ocrx_word' id='word_1_227' title='bbox 282 3681 386 3746; x_wconf 89' lang='lat' dir='ltr'><strong>nuper</strong></span> <span class='ocrx_word' id='word_1_228' title='bbox 407 3663 544 3728; x_wconf 87' lang='lat' dir='ltr'><strong>eontulit</strong></span> <span class='ocrx_word' id='word_1_229' title='bbox 565 3663 672 3728; x_wconf 83' lang='lat' dir='ltr'><strong>Lritke</strong></span> <span class='ocrx_word' id='word_1_230' title='bbox 693 3663 745 3730; x_wconf 91' lang='lat' dir='ltr'><strong>De</strong></span> <span class='ocrx_word' id='word_1_231' title='bbox 766 3660 967 3726; x_wconf 83' lang='lat' dir='ltr'><strong>Graecorum</strong></span> <span class='ocrx_word' id='word_1_232' title='bbox 997 3660 1220 3748; x_wconf 79' lang='lat' dir='ltr'><strong>dithyrambis,</strong></span> 
     </span>
     <span class='ocr_line' id='line_1_30' title="bbox 99 3762 1221 3853; baseline 0.005 -27"><span class='ocrx_word' id='word_1_233' title='bbox 99 3762 242 3831; x_wconf 84' lang='lat' dir='ltr'><strong>Berolini</strong></span> <span class='ocrx_word' id='word_1_234' title='bbox 266 3768 369 3850; x_wconf 75' lang='lat'><strong>1829,</strong></span> <span class='ocrx_word' id='word_1_235' title='bbox 391 3788 423 3852; x_wconf 88' lang='lat' dir='ltr'><strong>p.</strong></span> <span class='ocrx_word' id='word_1_236' title='bbox 446 3767 507 3832; x_wconf 79' lang='lat'><strong>69:</strong></span> <span class='ocrx_word' id='word_1_237' title='bbox 542 3785 624 3852; x_wconf 91' lang='lat' dir='ltr'><strong>quos</strong></span> <span class='ocrx_word' id='word_1_238' title='bbox 648 3765 871 3853; x_wconf 86' lang='lat' dir='ltr'><strong>dithyrambos</strong></span> <span class='ocrx_word' id='word_1_239' title='bbox 893 3784 980 3830; x_wconf 84' lang='lat' dir='ltr'><strong>nune</strong></span> <span class='ocrx_word' id='word_1_240' title='bbox 1002 3775 1132 3831; x_wconf 77' lang='lat' dir='ltr'><strong>consur</strong></span> <span class='ocrx_word' id='word_1_241' title='bbox 1153 3766 1221 3833; x_wconf 87' lang='lat' dir='ltr'><strong>dia·</strong></span> 
     </span>
     <span class='ocr_line' id='line_1_31' title="bbox 100 3867 1223 3955; baseline 0.004 -24"><span class='ocrx_word' id='word_1_242' title='bbox 100 3867 186 3934; x_wconf 88' lang='lat' dir='ltr'><strong>leoto</strong></span> <span class='ocrx_word' id='word_1_243' title='bbox 207 3871 330 3955; x_wconf 80' lang='lat' dir='ltr'><strong>dorica,</strong></span> <span class='ocrx_word' id='word_1_244' title='bbox 353 3880 389 3936; x_wconf 90' lang='lat' dir='ltr'><strong>ut</strong></span> <span class='ocrx_word' id='word_1_245' title='bbox 411 3872 573 3937; x_wconf 89' lang='lat' dir='ltr'><strong>eoniioere</strong></span> <span class='ocrx_word' id='word_1_246' title='bbox 594 3890 656 3954; x_wconf 88' lang='lat' dir='ltr'><strong>par</strong></span> <span class='ocrx_word' id='word_1_247' title='bbox 676 3880 761 3952; x_wconf 84' lang='lat' dir='ltr'><strong>erat,</strong></span> <span class='ocrx_word' id='word_1_248' title='bbox 785 3871 991 3954; x_wconf 79' lang='lat' dir='ltr'><strong>conscriptos</strong></span> <span class='ocrx_word' id='word_1_249' title='bbox 1013 3868 1126 3935; x_wconf 80' lang='lat' dir='ltr'><strong>tuisse.</strong></span> <span class='ocrx_word' id='word_1_250' title='bbox 1169 3869 1223 3936; x_wconf 85' lang='lat' dir='ltr'><strong>De</strong></span> 
     </span>
     <span class='ocr_line' id='line_1_32' title="bbox 101 3970 1057 4060; baseline 0.001 -24"><span class='ocrx_word' id='word_1_251' title='bbox 101 3970 258 4040; x_wconf 89' lang='lat' dir='ltr'><strong>Arianthe</strong></span> <span class='ocrx_word' id='word_1_252' title='bbox 278 3977 355 4042; x_wconf 88' lang='lat' dir='ltr'><strong>mibi</strong></span> <span class='ocrx_word' id='word_1_253' title='bbox 377 3972 463 4040; x_wconf 89' lang='lat' dir='ltr'><strong>baud</strong></span> <span class='ocrx_word' id='word_1_254' title='bbox 485 3976 589 4060; x_wconf 86' lang='lat' dir='ltr'><strong>magis</strong></span> <span class='ocrx_word' id='word_1_255' title='bbox 614 3992 712 4059; x_wconf 86' lang='lat' dir='ltr'><strong>qnam</strong></span> <span class='ocrx_word' id='word_1_256' title='bbox 733 3973 923 4039; x_wconf 85' lang='lat' dir='ltr'><strong>Petersenio</strong></span> <span class='ocrx_word' id='word_1_257' title='bbox 946 3971 1057 4058; x_wconf 89' lang='lat' dir='ltr'><strong>liquet.</strong></span> 
     </span>
    </p>
   </div>
   <div class='ocr_carea' id='block_1_8' title="bbox 187 4178 1222 4269">
    <p class='ocr_par' dir='ltr' id='par_1_12' title="bbox 187 4178 1222 4269">
     <span class='ocr_line' id='line_1_33' title="bbox 187 4178 1222 4269; baseline 0.004 -24"><span class='ocrx_word' id='word_1_258' title='bbox 187 4178 326 4251; x_wconf 70' lang='lat' dir='ltr'><strong>uzarae</strong></span> <span class='ocrx_word' id='word_1_259' title='bbox 346 4181 457 4250; x_wconf 85' lang='lat' dir='ltr'><strong>Sehoi.</strong></span> <span class='ocrx_word' id='word_1_260' title='bbox 479 4181 521 4248; x_wconf 88' lang='lat' dir='ltr'><strong>ad</strong></span> <span class='ocrx_word' id='word_1_261' title='bbox 543 4179 646 4269; x_wconf 84' lang='lat' dir='ltr'><strong>Exeg.</strong></span> <span class='ocrx_word' id='word_1_262' title='bbox 668 4184 702 4247; x_wconf 90' lang='lat' dir='ltr'><strong>in</strong></span> <span class='ocrx_word' id='word_1_263' title='bbox 724 4181 811 4247; x_wconf 88' lang='lat' dir='ltr'><strong>liiad.</strong></span> <span class='ocrx_word' id='word_1_264' title='bbox 835 4201 867 4265; x_wconf 92' lang='lat' dir='ltr'><strong>p.</strong></span> <span class='ocrx_word' id='word_1_265' title='bbox 891 4182 965 4245; x_wconf 73' lang='lat'><strong>127.</strong></span> <span class='ocrx_word' id='word_1_266' title='bbox 1005 4178 1115 4247; x_wconf 79' lang='lat' dir='ltr'><strong>Herm.</strong></span> <span class='ocrx_word' id='word_1_267' title='bbox 1138 4182 1222 4248; x_wconf 86' lang='grc' dir='ltr'><strong>Πολ-</strong></span> 
     </span>
    </p>
   </div>
   <div class='ocr_carea' id='block_1_9' title="bbox 102 4279 1226 4454">
    <p class='ocr_par' dir='ltr' id='par_1_13' title="bbox 102 4279 1226 4454">
     <span class='ocr_line' id='line_1_34' title="bbox 102 4279 1226 4454; baseline 0.001 -102"><span class='ocrx_word' id='word_1_268' title='bbox 102 4283 149 4353; x_wconf 84' lang='grc' dir='ltr'><strong>λοὶ</strong></span> <span class='ocrx_word' id='word_1_269' title='bbox 180 4294 234 4375; x_wconf 80' lang='grc' dir='ltr'><strong>τῆς</strong></span> <span class='ocrx_word' id='word_1_270' title='bbox 269 4283 436 4376; x_wconf 74' lang='grc' dir='ltr'><strong>Ὄμηροιης</strong></span> <span class='ocrx_word' id='word_1_271' title='bbox 475 4286 666 4376; x_wconf 71' lang='grc' dir='ltr'><strong>ὀτομολογίοις</strong></span> <span class='ocrx_word' id='word_1_272' title='bbox 707 4279 1130 4454; x_wconf 53' lang='grc' dir='ltr'><strong>έτττμτληθηοαν]·ἑμ)λᾶτινν,</strong></span> <span class='ocrx_word' id='word_1_273' title='bbox 1173 4283 1226 4353; x_wconf 77' lang='grc' dir='ltr'><strong>καὶ</strong></span> 
     </span>
    </p>
   </div>
   <div class='ocr_carea' id='block_1_10' title="bbox 0 0 1465 4822">
    <p class='ocr_par' dir='ltr' id='par_1_14' title="bbox 0 0 1465 4822">
     <span class='ocr_line' id='line_1_35' title="bbox 0 0 1465 4822; baseline 0 0"><span class='ocrx_word' id='word_1_274' title='bbox 0 0 1465 4822; x_wconf 95' lang='lat' dir='ltr'><strong> </strong></span> 
     </span>
    </p>
   </div>
  </div>
 </body>
</html>
