2902 4822
744 407 823 485 280

227 604 398 696 reperitur3
432 605 520 693 quod
542 603 751 688 Aeolensium
780 623 964 669 sermonem
985 604 1120 689 sapintt.
1140 620 1250 689 nequo
1280 600 1351 667 ullo

229 714 327 781 modo
350 712 563 777 demonstrari
586 718 713 801 potest,
743 711 908 776 exstitisse
930 728 1082 794 umquam
1103 707 1238 773 Iliadem
1259 704 1351 771 Aeo·

226 819 291 883 lice
304 806 447 881 ‘dialecto
466 814 694 897 conscriptam,
717 822 763 898 ut,
786 815 816 879 si
834 825 946 897 aperta
957 812 1153 898 loquendum
1167 822 1231 896 est,
1252 810 1350 876 cuius

227 922 361 987 rationis
383 920 437 984 illa
459 918 595 1003 Aeolica
618 916 768 1004 Odyssea
790 919 897 1003 fuerit,
920 917 1030 1002 utique
1052 918 1249 1003 ignoremus.

730 1062 758 1131 9.
781 1054 839 1120 85.

506 1184 559 1243 De
581 1179 820 1267 ¹Dicaearcho
850 1185 883 1241 et
909 1185 1065 1257 Zopyro.

222 1356 225 1361 .
311 1300 437 1367 Relicta
467 1300 507 1369 de
540 1300 690 1387 Odyssea
724 1298 860 1365 Aeolica
894 1300 1100 1386 quaestione,
1134 1321 1176 1366 ex
1207 1320 1287 1389 qun,
1305 1300 1349 1367 ad

225 1407 449 1475 illustrandam
478 1426 547 1471 rem
577 1404 687 1471 auxilii
714 1404 792 1469 nihil
814 1403 996 1470 redundare
1024 1405 1180 1491 vidimus,
1213 1406 1246 1471 in
1270 1426 1349 1487 erpa·

226 1531 300 1580 men
322 1510 460 1577 vocandi
483 1518 559 1575 sunt
580 1518 694 1592 testes,
728 1508 846 1594 quibus
869 1528 997 1574 omnem
1026 1509 1068 1576 de
1090 1508 1188 1577 lliade
1209 1508 1349 1577 Aeolica

220 1618 371 1683 notitiam
393 1614 561 1698 debemus,
583 1613 735 1700 Zopyrus
757 1623 789 1678 et
811 1612 1041 1680 Dicaearchus.

222 1780 225 1785 .
300 1720 362 1787 'Ac
383 1721 522 1805 primum
544 1730 699 1804 quantum
720 1718 880 1803 adhunc,
903 1739 1016 1785 eorum
1038 1740 1123 1807 quae
1145 1716 1221 1785 olim
1242 1739 1281 1787 ca
1304 1718 1348 1793 de

224 1846 261 1891 re
283 1825 393 1891 monui
415 1822 515 1889 Beitr.
547 1820 584 1888 Τ.
606 1820 644 1889 ll.
666 1844 698 1907 p.
724 1824 796 1906 118,
824 1822 1037 1910 Messeniam,
1069 1823 1257 1893 Aristotelis
1279 1810 1347 1909 dis·

220 1928 379 2016 cipulum,
406 1925 618 2014 probabiliter
650 1924 895 2015 intelligendum
915 1949 1002 2015 esse,
1031 1949 1130 2015 quum
1152 1930 1346 2015 pracsertim

224 2034 267 2103 de
299 2032 362 2099 alio
395 2033 636 2120 grammaticam
668 2033 820 2118 professo
853 2031 1054 2099 Dicaearcho
1085 2032 1346 2103 Lacedaemonio

225 2140 310 2207 sama
338 2139 520 2224 perincerta
550 2138 604 2222 sit,
639 2138 745 2221 unius,
775 2138 804 2202 si
826 2159 942 2205 severe
963 2148 1089 2224 agatur,
1110 2135 1232 2203 Suidae
1253 2139 1346 2227 testi·

224 2244 333 2309 monio
356 2243 438 2326 nisa,
460 2260 501 2305 co
524 2241 628 2306 minus
651 2240 757 2307 adhuc
778 2242 892 2328 piguit,
915 2261 980 2329 quo
1002 2240 1165 2325 l’uhrium,
1189 2244 1245 2329 qui
1264 2263 1346 2321 cuu-

224 2349 296 2415 dem
319 2347 459 2434 lapidem
475 2344 597 2411 eodem
618 2354 765 2430 ternpore
787 2346 938 2413 versabat
960 2344 1012 2411 De
1023 2344 1224 2412 Dicaearcho
1245 2348 1344 2433 pot).

223 2475 292 2541 sq„
315 2452 480 2518 lubentius
503 2452 644 2536 cognovi
662 2451 836 2516 ostendere
858 2450 1052 2536 studentem,
1076 2469 1159 2538 quae
1181 2449 1223 2517 de
1238 2472 1348 2539 gram·

217 2559 344 2626 ,matico
364 2554 567 2623 Dicaearcho
589 2555 765 2640 antiquitus
788 2555 904 2621 tradita
926 2566 1047 2641 essent,
1081 2554 1124 2621 ad
1145 2554 1346 2623 Messeniuur

223 2661 395 2727 referenda
424 2679 500 2737 esse
527 2659 646 2725 omnia.
689 2656 726 2723 Si
758 2660 879 2725 iamin
911 2660 1077 2727 Messenio
1103 2644 1346 2744 persistendum

224 2769 288 2846 est,
310 2762 405 2827 cuius
424 2761 465 2828 de
488 2762 604 2829 studiis
621 2760 803 2830 Homericis
825 2773 915 2831 reete
936 2765 1088 2831 iudicavit
1104 2765 1190 2831 idem
1203 2762 1345 2857 Fuhrips

222 2886 254 2951 p.
277 2866 332 2935 44.
360 2887 429 2953 αφ,
463 2871 489 2946 ¹)
515 2889 622 2954 nuum
652 2889 757 2955 neque
780 2868 821 2935 de
844 2869 939 2953 libro,
972 2889 1037 2956 quo
1067 2871 1131 2935 istn
1162 2870 1344 2955 scripserit,

222 2989 331 3057 neque
360 2971 402 3049 de
425 2974 598 3039 occasione
620 2973 696 3039 talia
717 2973 945 3040 conscribendi
977 2985 1068 3041 certo
1090 2983 1230 3057 constet,
1264 2972 1345 3043 nihil

221 3076 299 3141 inde
320 3077 355 3140 in
372 3098 440 3143 rent
456 3078 618 3144 lucramur
639 3079 701 3144 nisi
722 3080 814 3145 testis
838 3078 1085 3164 locupletissimi
1104 3080 1343 3167 auctoritatem,

223 3180 256 3245 in
277 3188 344 3281 tam
365 3181 507 3253 obscura
529 3183 577 3249 rei
597 3185 753 3249 memoria
775 3185 884 3270 magni
905 3182 1147 3249 aestimandam

309 3284 514 3373 DeZopyro
535 3287 701 3373 aliquanto
725 3286 841 3354 melius
873 3309 927 3353 res
949 3288 1107 3373 procedit,
1142 3284 1344 3373 quandoqui-

222 3390 296 3457 dem
317 3391 485 3456 induhium
506 3392 645 3477 videtur,
677 3392 712 3457 id
733 3393 822 3479 quod
844 3392 919 3457 olim
942 3393 1062 3477 monui,
1093 3390 1231 3457 eundem
1253 3410 1342 3475 esso,

220 3497 315 3563 cuius
349 3516 391 3561 ex
418 3496 502 3562 libro
525 3508 640 3584 quarto
671 3494 741 3584 περὶ
765 3496 896 3583 Μιλήτου
929 3496 1055 3572 κτίσεως
1083 3496 1179 3564 lectio
1210 3494 1342 3563 varians

274 3669 303 3736 1)
321 3664 401 3734 Quod
424 3666 541 3725 Fuhrius
563 3670 636 3727 bene
660 3670 787 3735 ostendit,
809 3671 843 3723 in·
868 3669 930 3723 Vita
956 3666 1092 3724 Graeciae
1115 3668 1188 3725 locis
1211 3664 1343 3727 llcrneri·

219 3750 222 3773 ³
327 3756 369 3809 cis
386 3756 433 3810 rel
457 3759 553 3812 critice
572 3756 731 3822 tractandis,
754 3756 783 3811 id
801 3756 873 3828 quod
893 3772 944 3826 ego
971 3758 1025 3809 iarn
1053 3763 1116 3811 ants
1133 3755 1341 3812 demonstrave-

326 3860 394 3910 ram,
411 3845 456 3900 vel
476 3843 648 3902 illustrandis
666 3854 805 3901 auctorem
823 3845 928 3916 passim
940 3860 1068 3911 vacasse,
1081 3843 1111 3899 id
1125 3847 1237 3915 egregie
1250 3842 1341 3899 Scho-

221 3958 225 3963 ·
325 3930 373 3987 liis
398 3932 553 3989 harleianis
578 3930 721 4006 Odysseae
744 3932 933 3987 confirmatum
952 3938 1009 4000 cst,
1032 3930 1079 3987 ubi
1101 3933 1136 3986 nd
1152 3950 1179 4000 s,
1203 3932 1257 3985 888
1273 3930 1341 3987 talia

327 4019 465 4094 adscripto
484 4029 559 4087 sunt,
584 4037 654 4093 quae
671 4036 722 4093 pro
740 4020 893 4089 argumenti
917 4022 1023 4077 ratione
1048 4036 1109 4075 cunr
1128 4018 1259 4074 Cramero
1277 4016 1340 4073 edi·

327 4115 385 4163 tore
404 4108 510 4165 Anccd.
528 4109 614 4166 Paris.
632 4108 663 4163 Τ.
681 4107 729 4166 111.
746 4124 774 4178 p.
791 4106 843 4159 tte
860 4105 931 4161 haud
951 4107 1065 4176 negabis
1082 4109 1164 4162 unico
1188 4106 1339 4161 convenire

327 4197 353 4251 ei
372 4197 458 4267 operi,
477 4198 555 4253 cuius
572 4197 733 4269 principalis
751 4210 852 4267 scopus
869 4195 898 4247 in
917 4194 1108 4250 describendis
1125 4192 1338 4271 iudicandisqnc

325 4281 448 4339 moribus
465 4290 590 4338 veterum
610 4283 778 4339 Graecorum
796 4284 961 4340 constitutus
979 4281 1037 4340 soit.
