2902 4822
754 440 836 520 210

190 713 192 717 ,
231 654 329 730 quam
349 641 444 706 istam
466 634 632 704 diatribam
654 655 696 701 ex
719 636 956 701 commentariis
977 645 1138 720 sumptam
1151 652 1237 718 esse,
1259 648 1348 718 quos

232 748 266 811 in
293 744 461 811 ‘l'ima‘eum
492 744 621 808 Atticus
650 741 849 824 scripsisset.
904 739 979 803 Non
1007 741 1112 804 ausim
1139 749 1248 803 tamen
1280 736 1347 803 hoc

231 849 402 932 affirmare,
426 868 525 933 quum
547 848 575 910 si
599 865 682 930 quae
704 845 882 930 fragmenta
905 846 985 907 satis
1008 844 1113 927 ampla
1136 842 1223 926 apud
1240 839 1363 905 Euse'

230 951 319 1018 bium
349 953 568 1037 proferuntur,
609 968 650 1012 ex
685 949 802 1012 eodem
835 949 970 1030 scripto,
1003 958 1039 1009 ut
1060 958 1174 1029 putare
1203 945 1253 1009 ias
1280 955 1343 1026 est,

229 1045 410 1138 laudantur,
434 1074 472 1118 eu
495 1046 604 1137 potius
628 1073 669 1116 ex
692 1072 792 1135 opere
813 1051 917 1116 fuisse
938 1052 1120 1132 uideantur,
1155 1066 1222 1133 quo
1242 1047 1344 1111 intro·

229 1157 390 1222 ductionis
418 1155 524 1221 ¹instar
551 1157 727 1239 inscripta
749 1155 894 1219 Platonis
925 1153 1118 1238 principales
1146 1153 1210 1217 loci
1232 1149 1345 1215 Plato-

200 1256 320 1326 'nicae
349 1260 573 1345 philosophiae
601 1258 753 1323 illustrati
783 1271 904 1341 essent,
939 1269 971 1322 et
998 1259 1062 1322 hoc
1090 1256 1219 1341 quidem
1242 1254 1342 1319 modo

228 1375 266 1428 ut
288 1365 475 1452 dogmatum
496 1361 738 1426 Platonicorum
771 1373 804 1426 et
826 1362 1107 1426 Aristotelicorum
1140 1360 1342 1444 comparatio

227 1486 302 1533 cum
324 1477 435 1551 aperta
466 1467 654 1530 Aristotelis
683 1466 876 1529 refutatione
907 1467 1079 1530 coniuncta
1107 1465 1340 1528 institueretur.

226 1571 335 1656 Atque
358 1562 549 1654 ὑπομνήματα
570 1568 740 1665 reliquisse
762 1571 917 1651 Atticum,
941 1579 1056 1633 auctor
1071 1579 1122 1631 est
1136 1567 1339 1651 Porphyrius

225 1670 300 1737 Vita
322 1672 440 1736 Plotini
463 1694 491 1738 c.
515 1674 566 1736 14.
599 1671 705 1758 Magis
728 1673 880 1737 credibile
903 1684 953 1759 est
972 1674 1114 1736 Atticum
1137 1674 1168 1735 in
1192 1670 1346 1735 Platonis·

224 1768 431 1841 Phaedonem
454 1777 716 1840 commentarium
739 1772 923 1860 scripsisse,
958 1779 986 1841 si
1009 1777 1137 1860 quidem
1159 1776 1235 1839 hinc
1255 1774 1338 1857 peti·

223 1890 294 1944 tum
314 1891 365 1945 est
387 1880 474 1964 quod
497 1881 640 1944 servavit
660 1877 913 1964 olympiodorus
935 1878 1075 1944 Scholiis
1098 1880 1248 1943 adhunc
1269 1877 1335 1941 dia·
1381 1934 1391 1947 ,

223 1983 334 2068 logum
357 2006 388 2068 p.
411 1985 463 2048 82.
487 1984 538 2047 ed.
560 1981 689 2066 Finkh.,
712 1982 767 2046 ubi
797 1986 978 2068 quaeritur:
1012 1984 1095 2058 Τίνες
1124 1982 1152 2048 oi
1172 1988 1220 2047 νῦν
1243 1983 1337 2063 „dro-

223 2074 383 2172 λεγόμενον
401 2081 486 2178 1πρὸς
511 2083 681 2174 ἀλλή).ους“
711 2089 753 2169 (ο.
773 2082 825 2152 ll.
857 2110 887 2172 p.
922 2089 974 2152 66.
997 2086 1061 2170 Bt:
1098 2084 1123 2151 εἰ
1155 2071 1206 2170 plu
1227 2082 1336 2169 γὰροὶ

223 2189 334 2274 γνήσιοι
355 2176 527 2273 φιλόοοφοι,
548 2198 630 2277 πῶς,
646 2188 824 2275 ὑπομένουσι
844 2188 880 2256 τὰ
902 2200 960 2258 τῶν
982 2194 1103 2256 πολλῶν
1125 2187 1225 2274 πάθης
1252 2186 1335 2254 εἰδὲ

223 2292 252 2358 oi
280 2280 508 2378 προκόπτοντες,
536 2300 605 2368 πῶς
634 2292 746 2378 γνήσιοι
779 2298 949 2374 zuleimen
978 2303 1063 2361 τοῦτο
1090 2293 1141 2377 μὲν
1171 2293 1223 2358 οὖν
1243 2292 1334 2377 φασὶν
1397 2310 1402 2315 ·

221 2389 360 2483 Ὀνήτωρ
381 2394 433 2463 καὶ
450 2390 597 2479 Ἀττικός,
621 2395 714 2463 ἐκεῖνο
737 2398 771 2462 δὲ
792 2397 937 2484 Πατέριος
958 2397 1009 2465 καὶ
1030 2400 1232 2481 Πλούταρχος
1266 2395 1336 2461 Sed

222 2520 328 2584 neque
357 2501 430 2592 ¹hcc
462 2499 547 2583 loco,
582 2521 681 2585 quum
710 2506 902 2585 praesertim
936 2505 1115 2567 sententiae
1148 2500 1336 2565 Platonicae

221 2603 450 2686 interpretibus
458 2602 653 2679 'Plutarchus
676 2605 880 2692 adiungatur,
904 2627 1000 2690 quern
1011 2605 1218 2669 Phaedonem
1235 2624 1336 2687 pecu·

222 2703 294 2770 liari
324 2715 506 2771 commento
530 2714 695 2772 'tractasse
731 2729 837 2793 neque
866 2720 994 2773 constat
1027 2728 1132 2793 neque
1164 2708 1335 2792 probabile

222 2817 284 2892 est,
315 2828 453 2872 neeesse
483 2819 533 2872 est
555 2812 734 2896 cogitemus
758 2811 799 2876 de
821 2815 1062 2897 commentario,
1086 2832 1181 2897 quem
1204 2811 1335 2876 Atticus

223 2911 256 2975 in
278 2910 484 2976 Phaedonem
507 2915 704 2996 scripsisset.
749 2914 849 2979 lmrno
870 2917 1140 3000 quemadmodum
1170 2914 1333 2980 Plutarchi
1445 2968 1448 2972 .

222 3014 352 3098 placita,
380 3035 465 3100 quae
486 3003 670 3081 Scholiasta
692 3016 813 3082 'limaci
837 3020 911 3084 loco
933 3040 1032 3104 supra
1060 3021 1226 3104 exscripto
1256 3038 1334 3084 con·

224 3115 310 3181 sulto
333 3139 371 3211 se
393 3119 544 3182 omisisse
573 3131 698 3201 narrat,
734 3125 804 3186 eius
832 3125 863 3187 in
896 3125 978 3188 libro
1009 3125 1050 3188 de
1082 3133 1243 3209 procreat.
1265 3124 1335 3189 aui·

222 3237 295 3282 mae
314 3241 347 3306 p.
368 3222 464 3285 1015.
488 3241 537 3304 sq.
561 3222 721 3308 leguntur,
744 3227 787 3289 ita
810 3229 905 3290 etiarn
934 3228 1145 3311 generalioris
1167 3227 1335 3292 doctrinae

220 3319 303 3386 liber
323 3323 423 3388 Attici
444 3324 497 3386 hio
519 3320 692 3408 significari
713 3330 826 3412 potuit.
859 3329 1061 3416 Ubicumque
1083 3348 1162 3395 vero
1184 3330 1331 3394 locorum

219 3422 283 3487 ista
316 3424 458 3489 Atticum
491 3425 606 3515 litteris
636 3430 809 3496 mandasse
840 3432 939 3518 dieas,
974 3455 1047 3499 curn
1076 3436 1137 3500 hac
1168 3452 1331 3500 commen·

220 3527 353 3609 tatione,
375 3547 439 3612 qua
451 3528 632 3596 Phaedonis
647 3533 756 3598 locurn
771 3537 885 3621 attigit,
915 3536 1000 3601 haud
1015 3541 1149 3625 negabis
1161 3540 1332 3605 coniuncta

221 3632 324 3697 inisse
340 3632 517 3716 fragmenta
538 3655 576 3698 ea
595 3657 678 3720 qnae
697 3640 840 3703 servavit
860 3641 892 3702 in
908 3638 1081 3725 Excerptis
1098 3643 1332 3709 lamblichianis

220 3733 401 3800 Stobaeust
431 3756 515 3820 quae
542 3757 616 3802 curn
640 3739 709 3804 aliis
732 3742 878 3824 neglecta
908 3763 927 3807 a
950 3743 1112 3811 Coussino
1134 3745 1240 3812 lourn.
1272 3748 1332 3812 des

220 3832 412 3927 83111835.Ι
428 3840 546 3922 p.147‚
569 3841 625 3926 uhi
647 3841 688 3904 ad
706 3832 928 3928 Olympiodori
950 3847 1039 3912 illurn
1062 3851 1169 3914 locum
1191 3852 1331 3934 primum

219 3959 239 4004 a
261 3960 298 4005 se
320 3941 486 4027 vulgatum
510 3942 673 4031 deAttico
695 3945 795 4023 verba
819 3947 905 4032 iacit,
929 3970 969 4015 eo
991 3950 1154 4018 lubentius
1176 3954 1329 4039 adiungo,
1348 4009 1350 4013 ,

219 4062 285 4126 quo
306 4043 348 4108 de
368 4043 433 4109 hcc
454 4043 648 4129 philosopho
671 4046 855 4133 diligentior
876 4052 1057 4140 disquisitio
1080 4056 1252 4123 etiamnum
1275 4058 1331 4120 de·

218 4147 388 4211 sidet-atur.
431 4143 500 4210 Ecl.
523 4148 619 4234 phys.
645 4149 683 4215 Τ.
705 4151 744 4216 ll.
771 4173 803 4236 p.
825 4154 898 4221 894.
943 4158 1040 4225 Heer.
1062 4159 1118 4226 ubi
1144 4160 1187 4225 de
1207 4162 1328 4227 anima:

208 4243 292 4334 Ἤδη
320 4247 414 4315 τοίνυν
443 4244 496 4314 ’καὶ
525 4247 555 4316 ἓν
587 4249 687 4330 ahot<
707 4256 908 4338 Πλατωνικοῖς
934 4261 1040 4332 πολλοὶ
1064 4260 1330 4351 metaurum,
