2902 4822
169 638 250 706 ⁴olim
274 642 444 708 distinctas
464 643 577 726 luisse,
608 641 641 706 id
672 641 760 727 quod
790 639 814 705 ii
842 637 908 706 loci
937 639 1168 726 demonstrant,
1201 665 1285 732 quos

168 767 283 831 snpra,
307 747 362 811 nbi
385 747 426 811 de
447 756 524 810 ncta
545 757 577 819 ><
601 764 710 811 sermo
732 745 802 827 suit,
826 746 974 811 excitavi.
1005 747 1115 833 Atque
1136 748 1287 816 inScbo·

170 849 235 932 ffie,
268 871 352 934 quae
373 869 434 934 pro
457 851 552 920 unico
574 849 670 914 huius
706 850 754 914 rei
783 848 981 933 semesum,
1017 851 1117 919 multo
1149 854 1285 935 rariora,

169 963 326 1038 qnantum
356 953 485 1038 quidem
518 953 702 1036 observavi,
736 962 885 1019 notarum
913 954 1117 1025 metricarum
1149 956 1286 1040 vestigia

171 1066 339 1139 apparent,
364 1057 534 1120 maximam
557 1065 680 1138 partem
702 1057 765 1121 ianr
788 1053 1001 1122 aVilloiscno
1014 1056 1144 1144 Proleg.
1165 1079 1198 1142 p.
1208 1057 1287 1127 xlx

171 1159 312 1223 indicata
319 1180 331 1242 3
353 1169 422 1223 tum
445 1180 465 1223 a
486 1157 693 1242 Prometheo,
718 1158 921 1242 Choephoris
945 1170 977 1224 et
998 1158 1208 1244 Supplicibus
1232 1161 1287 1229 illa

171 1259 336 1325 adnotatio
359 1263 491 1326 metrica
525 1263 637 1346 utiquc
659 1261 761 1325 abest.
807 1261 971 1346 Quidquid
999 1273 1106 1328 autem
1135 1264 1177 1328 ad
1199 1274 1286 1331 cate·

168 1385 227 1428 ras
250 1364 376 1429 fabulas
407 1367 477 1429 eius
500 1367 630 1449 generis
653 1365 836 1446 adnotatur,
872 1367 1011 1430 maxime
1033 1366 1139 1435 simile
1173 1376 1224 1433 est
1244 1369 1286 1435 iie

168 1468 257 1531 notis
288 1487 371 1551 quae
400 1469 432 1530 in
466 1467 606 1532 Scholiis
640 1466 827 1551 Sophocliis
850 1467 1012 1554 leguntur,
1050 1480 1086 1532 ut
1116 1471 1286 1553 utriusque

125 1616 128 1623 -
163 1569 386 1634 'adnotationis
422 1571 561 1635 eundem
596 1582 761 1635 auctorem
802 1570 948 1654 diceres,
994 1572 1056 1636 nisi
1091 1570 1286 1657 Aeschyliae

167 1673 355 1737 elocutione
378 1675 477 1738 multo
500 1675 735 1740 contractiores
759 1672 855 1738 simul
876 1672 1031 1758 loquendi
1061 1694 1156 1740 usum
1178 1685 1287 1740 osten-

169 1776 286 1842 derent
326 1797 346 1840 a
380 1796 471 1841 more
506 1777 650 1841 Triclinii
684 1779 729 1841 ito
765 1777 1009 1860 abhorrentem,
1057 1788 1094 1842 ut
1128 1779 1285 1866 ambigas,

167 1879 318 1944 eidcmne
351 1878 502 1945 Triclinic
532 1901 591 1945 eae
623 1883 744 1965 pariter
776 1881 840 1945 sint
871 1880 1107 1946 adscribendae
1136 1903 1199 1948 nec
1233 1903 1284 1951 ne

167 1981 333 2064 Quantum
368 1982 409 2046 ad
444 2004 538 2049 usum
569 1983 740 2068 loquendi,
786 1983 819 2045 in
851 1982 991 2046 medium
1023 1983 1156 2066 profero
1189 2004 1285 2051 unam

167 2097 280 2150 notam
301 2106 385 2170 qnae
409 2107 507 2170 quum
529 2086 570 2150 ad
600 2085 831 2152 discernendas
862 2095 895 2150 ct
917 2085 1147 2170 significandas
1170 2088 1284 2153 carmi-

169 2189 221 2252 nis
243 2188 350 2253 melici
371 2189 424 2254 vel
446 2191 602 2273 strophici
624 2199 734 2272 partes
756 2187 902 2272 singulae
925 2189 1018 2252 adiici
1041 2189 1135 2272 solet,
1168 2186 1221 2256 hic
1242 2191 1284 2258 ad

169 2293 338 2357 transitum
361 2293 511 2356 carminis
534 2292 690 2374 strophici
721 2291 754 2352 in
776 2290 940 2375 dialogum
962 2290 1168 2356 indicandum
1190 2312 1284 2364 usur·

169 2404 275 2480 patnr,
300 2397 396 2460 etita
420 2395 569 2478 quidem,
584 2403 619 2457 ut
641 2412 706 2457 non
729 2393 885 2477 strophici
911 2393 1088 2477 clausulae,
1110 2392 1169 2460 sed
1191 2396 1282 2461 initio

169 2497 305 2560 diverbii
337 2497 464 2562 iambici
494 2506 693 2580 apponatur:
727 2515 809 2580 quae
832 2497 961 2561 notandi
995 2498 1077 2561 ratio
1099 2517 1118 2561 a
1139 2494 1281 2563 Triclinii

149 2621 258 2666 ¹ancre
280 2602 392 2686 utique
414 2600 574 2664 abhorret.
608 2599 718 2664 Schol.
742 2598 832 2683 Sept.
855 2600 929 2665 adv.
952 2600 1053 2667 Theb.
1078 2601 1157 2689 tos:
1187 2597 1281 2687 Ὑμᾶς

166 2698 291 2788 ἐρωτῶ]
320 2702 459 2777 Είσθτσις
490 2704 606 2788 διπλῆς,
635 2699 869 2787 ἧς’ττροτίίίεται
898 2703 918 2788 ἡ
954 2703 1172 2788 μονοστροφικὴ
1205 2703 1279 2789 αὕτη

165 2806 324 2891 περίοδος,
359 2808 470 2890 στίχων
505 2803 582 2871 οὖσα
615 2803 759 2890 ἰαμβικῶν
792 2802 952 2890 τριμέτρων
981 2803 1201 2891 ἁκαταλήκτων
1230 2802 1280 2876 κά.

166 2906 322 2973 Eiusdem
344 2910 472 2975 fabulae
495 2910 630 2975 diverbii
651 2911 742 2974 initio
772 2931 820 2974 vs.
843 2910 908 2972 407
937 2909 1156 2993 adscriptum:
1185 2909 1280 2994 utroq

165 3009 256 3097 ἑτέρα
276 3013 426 3097 περίοδος.
460 3013 499 3081 Οἱ
521 3013 555 3078 δὲ
578 3013 673 3096 στίχοι
693 3009 823 3095 ἰαμβικοὶ
843 3010 988 3096 τρίμετροι
1017 3008 1217 3096 &uerticem
1237 3009 1280 3092 λ’;
1399 3043 1402 3055 ·

166 3115 242 3179 item
264 3136 315 3180 vs.
337 3117 422 3182 407:
455 3114 600 3203 Τέταρτος
630 3112 737 3198 ἄλλος]
773 3116 862 3199 διπλῆ
890 3111 978 3199 ἑτέρα
1005 3117 1154 3201 περίοδος.
1184 3113 1223 3182 Οἱ
1244 3111 1280 3184 bi

166 3217 264 3302 στίχοι
294 3209 423 3303 ἱαμβικοὶ
454 3221 599 3306 τρίμετροι
630 3216 673 3284 λέ.
724 3217 869 3302 Utroque
901 3217 976 3283 loco
1008 3229 1086 3304 post
1114 3221 1204 3305 eamq
1237 3219 1280 3287 ad

163 3341 300 3386 sensum
317 3342 448 3405 ,parum
480 3334 631 3389 accurate
665 3341 858 3405 expressum
893 3324 1068 3407 requiritur
1103 3333 1278 3406 punctum:

166 3423 254 3508 diple
289 3426 393 3509 enim,
429 3448 525 3511 quarn
557 3437 672 3493 auctor
705 3427 739 3489 in
772 3423 887 3490 codice
919 3445 981 3490 suo
1017 3436 1201 3508 repererat,
1237 3424 1279 3493 ud

164 3529 367 3612 praecedens
390 3550 520 3595 carmen
541 3541 678 3614 spectat,
701 3529 801 3594 verba
820 3524 908 3612 ἑτέρα
923 3528 1062 3612 περίοδος
1080 3527 1279 3612 adsequens

166 3629 357 3717 diverbium.
401 3632 525 3698 Eodem
554 3653 655 3698 sensu
683 3631 836 3716 leguntur
862 3630 904 3694 ad
934 3650 983 3696 vs.
1011 3633 1098 3697 777:
1134 3632 1280 3715 deposito

165 3732 285 3818 παῖδες]
315 3734 454 3811 Είσθεσις
482 3743 605 3821 μερικῆς
637 3736 752 3819 διπλῆς.
793 3730 831 3798 Οἱ
861 3730 895 3796 δὲ
924 3732 1020 3816 στίχοι
1051 3731 1121 3821 εἰσὶν
1151 3730 1282 3819 ἷαμβικοὶ

164 3835 534 3922 τρίμστροιάκατάληκτοι
554 3835 591 3904 λ’.
636 3836 794 3901 Similiter
815 3833 907 3899 Pers.
937 3836 1011 3900 247.
1045 3837 1162 3924 Agam.
1186 3837 1281 3903 1179.

166 3940 263 4008 1339.
289 3941 500 4008 1578.1643.
536 3939 629 4018 Eum.
651 3939 724 4005 391.
748 3937 822 4004 556.
858 3936 973 4023 Diplae
995 3935 1162 4025 ἆμοιβαίας,
1193 3959 1280 4026 ¹quae

163 4043 356 4128 simpliciter
386 4047 518 4113 nomine
545 4041 701 4130 ἆμοιβαίας
722 4048 924 4127 τεριστροφῆς
956 4041 1138 4125 appellatur
1169 4041 1280 4110 Schol.

164 4143 278 4231 Eurip.
312 4147 420 4214 Orest.
453 4149 556 4231 1499,
590 4168 685 4214 usum
714 4157 829 4212 auctor
861 4145 970 4227 novit,
1006 4166 1167 4232 unusquam
1202 4165 1281 4213 vero

161 4251 336 4336 enseque
355 4249 532 4342 discrimen
551 4251 685 4322 nomine
705 4256 759 4336 tit
780 4249 845 4321 tae
865 4258 901 4316 at
923 4247 985 4325 ἔξω
1006 4255 1181 4332 loomim,
1216 4259 1281 4322 tau
