2902 4822
136 640 220 714 sunt,
251 630 432 695 laudantur.
468 627 583 713 Neque
603 630 695 694 novit
719 631 883 713 posterior
904 640 995 695 aetas
1018 592 1163 715 corpus,¹
1180 641 1245 716 quo

136 736 190 820 qui
213 755 297 800 nuno
328 733 486 799 habentur
513 732 623 818 hymni
655 752 719 796 una
749 734 972 817 comprehensi
1002 735 1138 798 fuissent
1145 756 1156 817 3
1190 755 1246 800 ne-

135 858 198 924 que
221 842 391 903 universos
413 837 517 900 codex
550 835 635 900 ullus
657 839 907 919 manuscriptus,
941 848 976 901 ut
998 847 1137 923 constat,
1157 841 1246 904 exhi·

135 944 199 1008 bet.
232 942 301 1008 Sed
323 941 387 1006 hoc
409 940 538 1026 longius
560 942 713 1024 persequi
735 949 868 1005 nonest
887 941 980 1007 buius
1000 941 1074 1006 loci.
1149 975 1151 979 ν

638 1096 665 1180 s
688 1095 740 1162 34.

222 1224 272 1280 De
295 1222 398 1295 diple
419 1239 508 1295 pura
530 1222 612 1280 sive
633 1237 702 1278 non
724 1225 903 1292 punctatur
925 1221 1156 1282 Aristarchi.

220 1353 326 1440 Satis,
360 1367 395 1420 ut
417 1358 551 1439 opinor,
583 1355 765 1440 praeparati
789 1355 973 1420 accedimus
1000 1358 1063 1419 iam
1086 1359 1127 1423 ad
1152 1362 1245 1445 signa

134 1460 175 1523 ab
203 1460 391 1525 Aristarcho
424 1461 456 1523 in
493 1461 678 1546 digerendis
716 1458 814 1522 lliade
847 1467 878 1521 et
908 1459 1063 1545 ‘Odyssea
1095 1462 1244 1545 adhibita,

136 1583 272 1648 quorum
296 1585 313 1628 a
337 1565 576 1647 simplicissimo
598 1566 720 1627 initium
743 1563 950 1645 ducamus,‘a
975 1565 1059 1646 dipla
1076 1584 1156 1648 pura
1174 1567 1246 1630 sive

134 1687 198 1730 non
220 1679 383 1751 punctata.
417 1668 610 1732 Aneedoton
626 1667 824 1731 Romanum:
848 1667 893 1752 Τῇ
917 1668 1006 1752 διπλῇ
1027 1676 1134 1752 χρῆται
1157 1670 1246 1752 Ἀρί-

136 1787 264 1855 σταρχος
285 1771 363 1856 πρὸς
384 1770 522 1855 ἱστορίαν,
545 1770 765 1855 σχηματισμοὺς
791 1766 841 1834 καὶ
863 1767 967 1855 ἑτέρας
985 1772 1122 1846 ποικίλας
1132 1773 1246 1857 χρείας.

134 1874 335 1940 Parisiensc:
376 1874 481 1940 »Usus
504 1888 534 1939 et
564 1878 595 1938 in
618 1875 725 1938 multis
739 1875 960 1958 Aristarchus,
983 1896 1068 1940 nunc
1087 1897 1136 1959 ea,
1163 1897 1246 1961 quac

133 1987 263 2061 praeter
284 1981 551 2045 consuetudinem
571 1991 636 2043 tam
655 1981 740 2042 vitae
757 1988 888 2067 nostrae
905 1999 1000 2062 quam
1011 1980 1116 2062 ipsius
1129 1990 1246 2063 poetae

133 2081 219 2164 apud
242 2103 315 2146 eum
337 2085 557 2148 invenirentur
580 2085 748 2165 adnotans,
772 2102 858 2145 nunc
880 2083 1029 2164 proprias
1045 2084 1148 2165 ipsius
1166 2083 1246 2168 figu-

133 2205 209 2275 ras:¹
238 2187 398 2250 interdurn
422 2207 479 2271 ea,
515 2190 546 2250 in
578 2187 696 2272 quibus
727 2186 882 2269 copiosus
916 2197 984 2267 est,
1017 2205 1132 2249 rursus
1162 2207 1246 2271 quae
1314 2254 1316 2256 ,

134 2280 250 2351 semel*
268 2291 354 2372 apud
386 2311 459 2354 eum
488 2302 715 2376 ponerentura
762 2287 863 2354 Vides
886 2299 1058 2372 utrumque
1080 2299 1246 2355 auctorem

136 2393 280 2476 apprime
301 2395 385 2458 inter
406 2416 443 2460 sc
466 2398 657 2477 convenire,
691 2396 733 2457 ita
757 2401 862 2456 tamen
896 2403 931 2455 ut
954 2411 1038 2475 quae
1060 2391 1113 2454 ille
1136 2393 1176 2456 de
1200 2395 1246 2456 hi·

135 2498 234 2560 storia
269 2496 465 2584 designanda
501 2501 624 2580 attulit,
668 2519 690 2560 ‘a
724 2496 899 2561 Parisiensi
932 2496 1026 2558 etiam
1063 2497 1246 2562 accuratius

139 2598 267 2665 delinita
290 2598 369 2666 sint:
393 2604 468 2667 item
492 2623 575 2687 quae
598 2602 681 2665 idem
705 2601 797 2664 affert
819 2599 859 2663 de
882 2610 1010 2663 notatae
1033 2598 1247 2663 abundantiae
1339 2626 1354 2653 x

137 2703 191 2766 vel
213 2705 314 2769 semel
345 2705 503 2771 dictorum
538 2728 613 2787 usu,
648 2725 686 2768 ea
709 2703 795 2766 illum
818 2714 854 2767 ut
883 2703 1013 2767 credam
1043 2702 1246 2786 complexum

138 2825 213 2869 esse
234 2807 344 2872 verbis
367 2810 517 2874 obscuris
539 2807 589 2875 καὶ
612 2805 716 2893 ἑτέρας
736 2808 871 2881 ποικίλας
892 2808 1005 2891 χρείας,
1028 2806 1173 2870 adducor
1194 2825 1245 2889 eo,

139 2908 226 2993 quod
249 2930 359 2975 earum
381 2914 612 2997 proprietatum
625 2913 657 2974 in
672 2922 854 2975 ceterorum
876 2909 1041 2993 signorum
1057 2909 1246 2973 Aristarcho

139 3033 209 3097 cap.
233 3011 270 3077 ll.
294 3015 530 3100 adscriptorum
552 3015 767 3100 potestatibus
790 3013 875 3076 nulla
898 3014 1017 3075 mentio
1040 3013 1090 3075 fit:
1124 3032 1179 3074 eas
1201 3022 1248 3075 ta·

139 3138 213 3181 men
235 3119 276 3182 ab
290 3119 481 3184 Aristarcho
504 3119 750 3203 praetermissas
772 3117 873 3180 luisse
895 3134 934 3178 eo
958 3117 1062 3178 minus
1080 3115 1245 3198 credibile,

140 3240 204 3305 quo
234 3222 360 3304 planius
382 3223 484 3287 semel
513 3223 673 3287 dictorum
705 3232 813 3284 notam
847 3220 878 3281 in
901 3217 1043 3282 Homero
1071 3239 1089 3282 a
1119 3218 1248 3305 glosso-

140 3325 269 3409 grapbis
292 3335 381 3389 certe
402 3326 576 3389 adhibitam
600 3346 675 3390 esse
707 3335 803 3407 caput
832 3322 844 3385 l
866 3332 1020 3385 testatur:
1055 3323 1184 3406 quicum
1207 3321 1248 3401 ad

139 3429 273 3494 verbum
291 3430 359 3492 sere
372 3429 522 3493 convenit
533 3428 694 3494 Anecdoti
718 3426 830 3490 Veneti
851 3425 956 3489 codex
973 3427 1147 3508 posterior,
1172 3424 1248 3488 dum

138 3534 171 3596 in
193 3535 302 3617 priore
324 3533 394 3596 eius
417 3533 501 3617 signi
524 3540 703 3615 potestates
720 3528 938 3613 etiamplures
960 3539 1140 3610 enotantur,
1164 3547 1248 3612 quae

139 3656 201 3701 una
226 3645 373 3720 excepta,
397 3655 481 3719 quae
503 3634 582 3719 πρὸς
602 3631 656 3708 τὰς
676 3641 735 3698 τῶν
756 3629 831 3698 νέων
853 3628 986 3713 ἐκδοχὰς
1007 3640 1144 3714 spectat,
1168 3648 1248 3715 quo·

138 3760 209 3806 rum
233 3741 274 3805 de
296 3738 472 3804 verborum
502 3758 602 3804 sensu
628 3755 689 3801 suo
722 3735 797 3800 loeo
820 3735 939 3799 dictum
962 3744 1023 3816 est,
1047 3730 1158 3819 ἐτέρων
1180 3734 1250 3816 tlte

139 3865 210 3909 rum
232 3844 374 3915 ποικίλων
394 3851 505 3929 χρειῶν
526 3844 655 3906 nomine
685 3841 940 3924 comprehensae
968 3837 1158 3902 Aristarcho
1179 3840 1248 3903 viu·

141 3947 297 4012 dicandae
319 3959 403 4012 sunt.
447 3947 540 4012 Unde
561 3955 650 4031 patet
677 3957 743 4011 tam
765 3945 890 4027 largum
923 3941 997 4004 huic
1026 3952 1122 4006 notae
1144 3943 1248 4028 assig-

139 4062 251 4117 natum
273 4071 349 4116 csse
371 4071 537 4135 campum,
572 4061 607 4114 ut
628 4049 788 4136 generalis
822 4047 892 4110 eius
922 4045 971 4108 vis
999 4044 1040 4108 ad
1073 4045 1248 4110 notandum

141 4156 359 4241 quodcunque
381 4164 496 4246 notatu
516 4153 646 4240 dignum
671 4153 816 4237 patuisse
843 4168 883 4213 ac
914 4148 1104 4231 plerumque
1132 4148 1248 4211 eodem

141 4276 241 4326 senso
262 4269 451 4345 usurpatam
472 4277 566 4341 esse,
599 4257 728 4343 quoad
750 4251 981 4343 designandam
1009 4253 1147 4337 aliquam
1173 4268 1248 4333 pro·
