2902 4822
695 449 742 522 61

166 649 256 704 certe
274 633 461 703 ¹carminum
485 634 567 702 locis
598 648 728 701 veteres
750 657 810 720 per
832 657 884 702 me
908 637 983 703 licet
1005 651 1156 707 auctores
1185 643 1277 726 ipsos

92 811 97 817 ,
165 739 329 807 clausulas
352 741 446 824 signo
468 737 641 806 indicasse.
685 738 768 803 Nam
800 760 866 825 quo
895 743 1000 807 minus
1030 765 1061 809 v.
1094 744 1276 830 παραγραφὴ

164 843 354 930 simpliciter
377 842 418 906 de
440 844 578 906 termino
600 861 642 905 ex
664 845 792 927 reipsa
817 847 1047 930 cognoscendo
1069 850 1277 933 accipiamus,

164 948 276 1013 obstat
292 943 380 1029 quod
402 944 498 1009 simul
519 950 573 1009 τοῦ
593 942 734 1029 γραφέως
756 949 875 1012 mentio
890 950 1029 1033 additur,
1053 962 1088 1015 ut
1099 952 1140 1015 de
1154 953 1277 1034 scripto

164 1052 303 1117 termino
337 1048 476 1112 dubitari
498 1059 645 1132 nequeat.
688 1050 734 1113 At
767 1050 845 1116 illud
867 1063 902 1116 ut
933 1055 976 1117 ita
1009 1054 1135 1138 haheat,
1170 1065 1279 1119 tamen

164 1155 244 1220 nihil
266 1173 308 1218 ex
331 1171 371 1216 eo
394 1151 565 1236 colligitur,
591 1152 679 1235 quod
700 1156 892 1218 sententiam
918 1158 1120 1240 propositam
1142 1158 1278 1223 subver-

163 1270 222 1326 tat.
256 1257 399 1322 Primum
421 1257 507 1319 enim
528 1257 624 1320 unius
646 1255 750 1321 solius
772 1267 869 1321 notae
891 1259 1076 1324 mentioiit:
1099 1260 1215 1326 deinde
1237 1282 1280 1325 an

164 1375 321 1431 constans
341 1362 414 1425 'eius
437 1360 650 1442 apponendae
667 1361 869 1425 consuetudo
884 1362 990 1443 luerit,
1012 1364 1187 1428 incertum:
1211 1374 1279 1428 tum

163 1469 272 1552 ipsum
293 1463 514 1549 paragraphae
543 1481 662 1526 nomen
685 1461 836 1542 ostendit,
857 1462 1019 1527 diversam
1040 1465 1124 1530 hanc
1146 1464 1278 1530 notandi

164 1572 324 1635 rationem
345 1567 387 1630 ab
409 1586 447 1629 ea
470 1585 566 1649 quam
589 1563 788 1647 Hephaestio
817 1567 914 1629 tradit
934 1567 1054 1650 fuisse,
1078 1568 1278 1652 quandoqui-

165 1675 240 1739 dem
262 1670 349 1756 apud
371 1670 456 1734 hunc
473 1664 670 1751 παράγραφος
690 1667 887 1753 appellatur,
910 1672 1001 1735 cuius
1018 1671 1278 1755 insupercodem
1331 1721 1334 1730 ,

163 1785 249 1841 teste
281 1771 522 1854 Hephaestione
556 1771 589 1832 in
617 1767 792 1853 lyricorum
825 1774 984 1856 poematis
1007 1772 1070 1837 alia
1092 1793 1173 1838 usus
1195 1774 1280 1836 ratio

164 1881 243 1945 fnit:
277 1876 360 1941 adde
383 1874 471 1959 quod
493 1873 534 1936 ad
556 1872 728 1936 notandam
751 1872 928 1937 clausulam
961 1877 993 1937 in
1025 1894 1066 1938 eo
1089 1886 1278 1960 systemate,

165 1980 256 2068 quod
284 1979 383 2043 refert
413 1975 632 2058 Hephaestio,
675 1996 739 2038 non
761 1979 962 2062 paragrapho
994 2000 1099 2064 neque
1127 1999 1280 2063 paragra·

164 2089 261 2174 phus,
285 2084 344 2149 sed
367 2082 497 2146 coronis
520 2079 660 2143 adhibita
685 2081 752 2143 fuit.
787 2081 886 2164 lgitur
907 2083 1007 2147 moris
1026 2083 1155 2166 quidem
1177 2083 1280 2147 fuisse

164 2193 274 2279 poetis
296 2188 436 2271 antiquis
460 2185 689 2264 concedamus
720 2186 864 2268 ipsorum
895 2188 1071 2251 carminum
1093 2198 1214 2271 partes,
1251 2187 1281 2250 si

165 2315 233 2360 non
255 2292 343 2360 solas
366 2287 540 2369 clausulas,
564 2289 649 2350 notis
667 2286 865 2371 distinguere
872 2309 882 2369 3
907 2289 935 2352 is
951 2301 1055 2353 tamen
1071 2291 1280 2374 imperfectus

164 2403 225 2466 fuit
248 2409 281 2464 ct
303 2394 500 2474 arbitrarius,
525 2392 652 2455 minime
676 2408 753 2454 vero
776 2389 861 2470 talis,
885 2388 1012 2473 qualem
1035 2392 1158 2474 posteri
1174 2410 1282 2475 gram·

166 2505 276 2571 matici
297 2504 331 2566 in
352 2518 484 2562 normae
508 2494 686 2560 constantis
704 2492 847 2577 regulam
862 2506 1049 2577 coegerunt,
1073 2495 1114 2558 ab
1132 2495 1282 2579 Hephae·

167 2611 275 2676 stione
297 2605 454 2670 traditam.

258 2711 323 2775 lam
358 2710 387 2772 si
417 2707 489 2770 illas
522 2715 616 2770 notas
650 2712 691 2767 ex
726 2699 848 2765 scholis
883 2700 1166 2784 grammaticorum
1196 2719 1285 2764 curn-

168 2817 309 2883 maxime
331 2811 482 2897 prodisse
516 2818 605 2872 recte
626 2805 785 2887 conclusi,
809 2825 850 2868 ex
884 2803 1070 2868 Aristotelis
1092 2804 1284 2887 praesertim

168 2922 257 3002 loco,
281 2937 375 3002 quem
398 2913 496 2977 modo
519 2912 626 2992 citavi,
651 2908 747 2975 simul
768 2910 832 2972 hoc
853 2917 988 2991 apparet
1004 2919 1105 2989 certo,
1128 2908 1191 2970 iam
1210 2915 1285 2968 anta

168 3019 395 3086 Aristarchum
427 3016 528 3079 fuisse
560 3013 614 3096 qui
637 3011 757 3091 scripta
788 3018 933 3072 veterum
957 3008 1088 3071 notandi
1121 3026 1216 3070 usum
1237 3007 1285 3068 in·

170 3127 353 3193 stitnissent
374 3132 406 3186 et
429 3119 575 3185 similiter
596 3128 692 3199 atque
714 3112 749 3176 id
770 3111 908 3194 posthac
933 3111 1131 3177 enucleatius
1152 3111 1284 3192 factum,

169 3231 343 3311 rexissent,
378 3227 513 3307 insuper
544 3230 576 3285 et
609 3219 712 3303 signis
745 3227 868 3280 tantum
902 3235 968 3280 non
1000 3215 1148 3281 omnihus
1171 3213 1286 3279 iisdem

171 3337 235 3418 usi,
258 3331 376 3418 quibus
399 3328 536 3412 posthac
558 3323 766 3388 Aristarchus
789 3341 868 3384 usus
889 3331 951 3387 est.
995 3319 1045 3384 De
1066 3318 1286 3401 Aristophane

170 3437 256 3502 inira
277 3432 468 3499 videbimus.
512 3428 620 3511 Pergo
643 3423 685 3488 ad
707 3424 942 3487 enarrationem
963 3441 1077 3486 eorum
1107 3423 1286 3507 signorum,

173 3537 293 3624 quihus
316 3532 463 3617 exempla
484 3531 658 3617 lyricorum
682 3534 714 3590 et
746 3522 995 3588 dramaticorum
1019 3522 1170 3587 distincta
1193 3539 1287 3602 repe·

172 3641 230 3706 riri
251 3638 450 3724 Hephaestio
472 3633 613 3699 tradidit.

263 3744 298 3825 1)
312 3740 386 3826 -ἡ
408 3734 616 3824 παράγραφος,
640 3753 658 3797 a
680 3730 791 3817 lyricis
814 3729 846 3792 iu
870 3724 1144 3807 monostrophicis
1167 3724 1287 3809 cuique

175 3852 340 3936 strophae,
363 3850 396 3912 in
421 3840 661 3926 antistrophicis
683 3837 800 3919 cuique
827 3830 980 3915 strophae
1003 3838 1035 3892 et
1056 3828 1287 3914 antistrophae,

175 3954 217 4020 ad
251 3949 464 4018 discernenda
498 3945 590 4029 paria
622 3940 766 4026 imparia,
800 3935 994 4015 subscripta.
1038 3932 1071 3997 A
1092 3932 1288 4014 dramaticis‚

175 4059 218 4124 ad
239 4054 470 4143 significandos
492 4067 703 4135 personarum
727 4041 904 4108 alternatim
928 4037 1201 4103 confabulantium
1220 4057 1290 4102 ser·

176 4179 302 4242 mones,
325 4168 392 4222 tum
414 4157 446 4220 in
469 4173 590 4240 genere
612 4147 761 4227 iambico,
791 4153 860 4207 tum
880 4141 915 4205 in
947 4140 1039 4204 chori
1062 4137 1291 4204 vicissitudini·

176 4262 240 4327 hus
262 4259 437 4343 strophicis
470 4253 560 4333 (κατὰ
582 4247 734 4336 πρόσωπα
760 4242 910 4331 ἀμοιβαῖα,
944 4243 976 4310 ia
1006 4265 1039 4307 τε
1072 4248 1135 4315 τοῖς
1144 4236 1291 4325 ἰαμβικοῖς
