2902 4822
594 442 758 518 ’193

164 634 395 714 commentarii,
429 653 470 697 ex
505 634 623 719 quibus
656 655 740 719 quae
771 636 804 698 in
837 630 978 699 Scholiis
1011 631 1197 722 Sophocllis
1230 660 1277 705 ex

164 735 304 822 Didymo
338 757 401 801 non
435 738 556 814 vhausta
591 740 741 823 antiquae
781 738 907 803 criseos
939 737 1055 803 indicia
1092 740 1271 827 traduntur,

163 851 291 926 sumpta
313 843 386 905 sint.

665 1002 692 1070 s.
715 994 767 1066 63.

369 1121 423 1178 De
445 1119 829 1211 reliquuAristarchi
850 1124 1053 1184 notatione.

249 1249 396 1317 Vidimus
443 1250 664 1317 Aristarchum
706 1273 747 1317 ex
794 1256 895 1337 epicis
914 1256 917 1262 ’
936 1257 1043 1338 poetis
1085 1256 1273 1341 Homerum,

164 1355 359 1440 Hesiodum,
391 1378 431 1421 ex
462 1358 573 1442 lyricis
594 1355 762 1439 Alcaeum,
793 1356 985 1443 Pindarum,
1019 1379 1061 1422 ex
1090 1360 1274 1426 dramaticis

165 1451 432 1543 Aristophanem,
467 1458 680 1543 Sophoclem,
710 1461 851 1525 tortasse
884 1463 979 1525 ctiam
1010 1463 1208 1548 Aeschylum
1243 1476 1277 1529 et

165 1561 351 1647 Euripidem
372 1573 532 1627 tractasse
562 1573 594 1625 et
616 1565 718 1648 signis
743 1565 832 1629 vario
855 1565 953 1628 modo
984 1565 1180 1648 distinxisse,
1204 1567 1277 1632 hcc

164 1678 270 1730 tamen
294 1666 477 1731 discrimine
504 1667 536 1728 in
558 1667 656 1730 variis
686 1667 737 1731 his
765 1668 943 1732 litterarum
971 1670 1145 1753 generibus
1168 1691 1275 1753 usum,

166 1780 201 1832 ut
229 1771 322 1852 epico
354 1769 440 1833 aliud
473 1770 572 1852 idque
594 1769 751 1854 pluribus
782 1771 888 1835 modis
921 1771 1098 1854 expolitum
1132 1774 1280 1858 systema

166 1873 356 1956 adhibuerit,
380 1872 467 1937 aliud
489 1873 607 1937 ceteris
630 1874 856 1958 scriptoribus,
889 1875 991 1938 multo
1020 1874 1197 1957 simplicius
1219 1874 1281 1939 illo

167 1977 392 2060 compositum,
417 1975 688 2060 quandoquidem,
712 1988 748 2041 nt
769 1978 891 2041 mittam
913 1979 1062 2042 metricas
1085 1977 1156 2042 illas
1171 1988 1276 2059 notas,

166 2080 262 2142 unius
285 2088 407 2142 tantum
431 2080 515 2164 signi
536 2089 568 2152 ><
590 2078 622 2142 in
645 2080 756 2144 critica
779 2081 822 2143 ab
847 2081 920 2163 ipso
951 2080 1092 2144 factitata
1121 2083 1277 2148 memoria

167 2183 207 2246 ad
232 2201 291 2246 nos
314 2182 435 2265 perlata
466 2173 528 2246 est.
572 2184 681 2266 Atque
701 2182 848 2266 pluribus
877 2181 949 2246 aliis
980 2203 1075 2248 usum
1104 2205 1178 2249 cum
1201 2204 1277 2248 esse

166 2286 241 2349 ideo
264 2305 328 2347 non
349 2284 520 2367 probabile
542 2284 679 2367 videtur,
704 2286 792 2370 quod
814 2305 913 2369 quum
935 2286 1029 2370 signo
1052 2297 1084 2361 >(
1109 2297 1175 2350 tam
1197 2286 1278 2350 mul-

168 2387 307 2472 tiplicem
330 2388 524 2472 potestatem
546 2386 728 2471 tribuisset,
747 2399 782 2452 ut
805 2408 869 2452 non
892 2389 998 2452 solum
1010 2388 1278 2472 omnibusdiplae

168 2490 360 2555 Homericae
382 2491 497 2554 ciliciis
520 2491 700 2565 inserviret,
723 2491 783 2554 sed
805 2491 888 2555 adeo
899 2492 971 2556 vioe
983 2491 1067 2556 obeli
1079 2491 1277 2576 fungeretur,

167 2594 239 2658 aliis
253 2587 407 2680 ‘signandi
427 2593 531 2658 modis
553 2593 769 2676 supersedere
789 2606 911 2677 posset.
944 2594 1115 2676 Quaeritur
1138 2595 1277 2679 denique
1372 2637 1375 2644 ·

167 2715 209 2761 an
232 2696 440 2761 Aristarchus
469 2708 599 2780 praeter
620 2696 770 2761 laudatos
800 2700 980 2782 scriptores
1010 2698 1105 2762 etiam
1128 2697 1199 2762 aliis
1222 2717 1278 2760 cu·

168 2821 238 2864 ram
261 2820 350 2864 suam
374 2802 443 2882 pari
466 2800 563 2864 modo
586 2799 785 2883 impenderit.
822 2800 900 2866 Mihi
922 2822 1000 2865 vero
1024 2820 1129 2884 neque
1150 2800 1190 2862 de
1208 2799 1276 2862 alio

170 2902 236 2966 ullo
267 2914 363 2985 poeta
395 2904 428 2965 in
456 2913 624 2987 comperto
655 2905 827 2987 quicquam
857 2915 918 2986 est,
950 2904 1068 2969 nedum
1091 2903 1132 2966 de
1157 2921 1277 2986 prosae

169 3006 325 3073 orationis
347 3007 508 3089 scriptore
530 3007 607 3088 ullo,
630 3025 649 3068 a
672 3025 736 3090 quo
755 3024 875 3088 genere
894 3006 1071 3071 litterarum
1085 3005 1276 3070 Aritarchus

168 3109 280 3192 utique
302 3129 416 3173 manus
439 3108 634 3174 abstinuisse
656 3108 792 3173 videtur.
828 3134 829 3137 ¹

666 3270 694 3338 S·
724 3265 777 3330 64.

269 3389 318 3474 Dc
339 3388 596 3461 scriptoribus
624 3387 872 3446 Aristarchio
901 3405 999 3449 more
1021 3389 1174 3476 notatis.

257 3519 403 3586 Diximus
417 3521 574 3587 hactenus
586 3522 627 3587 de
638 3522 818 3586 Aristarchi
831 3532 901 3586 arte
911 3522 1052 3605 notandi,
1076 3539 1160 3606 quae
1180 3539 1277 3604 quum
1351 3566 1357 3579 ..

170 3637 291 3690 tantam
312 3624 397 3708 apud
419 3624 571 3709 aequales
593 3634 809 3709 posterosque
831 3623 959 3689 laudem
981 3631 1181 3708 consequuta
1200 3639 1277 3685 esse

170 3728 329 3813 videatur,
352 3740 387 3793 ut
416 3729 491 3793 licet
513 3730 553 3793 ab
575 3730 648 3811 ipso
671 3746 735 3791 non
756 3728 897 3809 inventa,
928 3729 998 3793 eius
1021 3735 1129 3792 tamen
1148 3726 1278 3789 nounne

171 3831 273 3916 vulgo
294 3831 454 3916 appellata
476 3832 528 3914 sit,
557 3830 634 3895 nihil
656 3832 772 3895 mirum
803 3830 900 3895 debet
927 3831 1041 3914 rideri,
1072 3829 1162 3915 quod
1189 3835 1278 3892 tanto

173 3934 329 4019 magistro
363 3933 445 3999 duce
476 3954 515 3998 ea
547 3954 586 3998 ac
618 3934 809 4017 praesertim
844 3953 927 4018 qnae
962 3932 1105 3997 Homero
1139 3930 1280 3997 adhibita

172 4037 288 4120 lucrat,
311 4036 350 4100 ab
373 4037 443 4101 aliis
473 4037 567 4101 etiam
591 4035 661 4102 aliis
683 4038 887 4121 antiquorum
909 4037 1039 4120 scriptis
1070 4034 1280 4101 recensendis

173 4139 302 4204 admota
329 4139 437 4205 fuerit:
466 4142 501 4205 in
531 4160 596 4225 quo
619 4139 731 4204 labore
759 4140 815 4224 qui
846 4140 933 4204 vires
956 4159 1033 4205 suas
1056 4148 1281 4222 exercuerunt,

174 4262 275 4326 quum
297 4242 487 4328 plerumque
508 4243 641 4310 easdem
662 4242 731 4308 fere
760 4261 842 4328 quas
863 4242 1162 4326 illeconstituerat,
1189 4241 1281 4327 leges

1018 4345 1060 4410 18
