2902 4822
704 411 752 485 19

174 621 268 684 quam
291 599 446 684 Homero,
476 600 662 666 adhibuisse
692 610 820 665 constat
842 601 888 683 ³),
920 602 1152 690 Theogoniam,
1185 620 1220 673 ut
1234 608 1283 672 *de

173 704 289 767 ceteris
312 702 447 767 Hesiodi
471 702 666 767 carminibus
689 713 824 786 taceam,
848 705 1058 774 distinxisset.
1092 711 1137 775 lta
1161 723 1196 775 ut
1219 724 1281 776 sta·

172 818 261 871 tuam
283 827 348 871 non
370 808 476 872 solum
500 809 645 873 adducor
667 829 725 892 eo,
761 810 846 893 quod
871 812 904 874 in
933 813 1050 879 talibus
1074 816 1282 897 carminibus,

172 911 277 996 qualia
295 910 449 975 Hesiodia
472 923 558 996 sunt,
581 913 609 976 si
632 912 734 977 semel
756 915 832 977 crisi
854 918 971 979 acriori
993 918 1192 983 subiicienda
1214 921 1282 983 fue=

170 1026 255 1098 runt,
286 1014 327 1078 ab
358 1015 546 1080 Aristarcho
575 1017 630 1079 vix
664 1017 756 1080 aliter
787 1018 954 1100 probabile
982 1023 1023 1085 sit
1050 1024 1102 1108 agi
1135 1008 1281 1108 potuisse

170 1137 267 1200 quam
294 1118 357 1200 ipsi
386 1118 419 1180 in
449 1116 591 1183 Homero
620 1118 781 1203 agendum
814 1121 918 1184 visum
944 1122 1073 1215 iuerat,
1107 1126 1166 1191 sed
1194 1125 1281 1210 quod
1388 1120 1391 1128 ’

169 1220 259 1284 nullo
282 1220 465 1284 discrimine
487 1222 571 1284 inter
592 1232 764 1306 utrumque
786 1243 889 1307 genus
912 1226 997 1290 facto
1010 1227 1217 1294 Aristonicus
1240 1230 1281 1293 de

169 1326 272 1409 signis
294 1326 451 1408 appositis
473 1323 681 1408 Theogoniae
703 1334 735 1387 et
767 1325 857 1409 lliadi
881 1327 1126 1414 Odysseaeque,
1156 1334 1189 1394 in
1211 1333 1280 1416 qui-

169 1430 232 1494 bus
243 1428 392 1493 notandis
404 1449 476 1492 eum
489 1429 669 1493 Aristarchi
681 1429 782 1512 signis
794 1429 994 1497 illustrandis
1006 1453 1137 1516 operam
1150 1435 1281 1499 dedisse

168 1534 286 1597 iamin
309 1542 475 1617 comperto
498 1542 559 1615 est,
590 1532 764 1616 scripsisse
791 1532 934 1596 traditur.
979 1533 1061 1600 Tota
1091 1557 1168 1600 vera
1199 1537 1280 1605 haec

167 1657 222 1701 res
245 1636 326 1700 infra
348 1637 466 1699 iterum
487 1634 654 1700 tractanda
676 1646 737 1717 est,
766 1636 821 1699 ubi
843 1657 872 1699 v.
897 1658 979 1720 quae
1009 1638 1147 1705 diximus
1177 1648 1205 1714 S.
1228 1641 1278 1704 58.

254 1739 425 1803 Postremo
448 1739 477 1803 si
499 1742 561 1803 iam
583 1748 671 1822 patet
700 1741 791 1825 signa
821 1741 957 1806 Hesiodi
985 1742 1191 1828 Theogoniae
1224 1765 1280 1828 ap-

167 1844 285 1928 posita,
308 1863 391 1929 quae
413 1844 619 1908 Aristonicus
642 1845 796 1927 tractarit,
826 1845 1025 1910 Aristarchia
1049 1848 1162 1931 fuisse,
1185 1868 1279 1912 revo·
1364 1872 1369 1880 ‘

167 1970 279 2013 camur
300 1949 341 2012 ad
362 1947 596 2012 retractandam
618 1949 840 2032 quaestionem
863 1948 904 2011 de
925 1949 1060 2029 ratione,
1084 1969 1146 2033 qua
1163 1969 1279 2014 munus

167 2071 262 2117 suum
284 2052 488 2116 Aristonicus
517 2052 713 2135 inutraque
742 2060 849 2132 poeta,
883 2049 1026 2114 Homero
1057 2060 1089 2114 et
1122 2051 1277 2133 Hesiodo,

166 2153 366 2218 absolvendo
400 2153 605 2217 distribuerit.
664 2151 836 2234 Quaeritur
864 2155 948 2217 enim
978 2163 1086 2217 utrum
1117 2153 1279 2236 singulum

166 2278 326 2343 quemque
338 2257 492 2341 peculiari
505 2256 624 2339 libello,
647 2277 688 2319 an
701 2267 872 2340 utrumque
890 2275 955 2319 uuo
976 2257 1131 2319 tractarit.
1155 2254 1226 2337 Qua
1245 2257 1278 2318 in

165 2383 201 2426 re
235 2363 264 2425 si
286 2361 363 2443 quid
392 2359 511 2425 Suidae
540 2359 638 2424 modo
670 2357 823 2421 laudandi
853 2355 1073 2437 tribuendum,
1108 2367 1278 2440 utrumque

167 2465 323 2528 distinuit:
347 2483 407 2528 nce
430 2464 723 2546 ultra-possumus,
756 2469 792 2523 ut
812 2479 867 2523 res
889 2459 997 2542 habet,
1020 2458 1161 2542 prodire.
1206 2457 1278 2522 Hoc

165 2576 272 2632 autem
295 2576 384 2630 certo
407 2567 526 2630 certius
549 2564 687 2645 videtur,
710 2562 842 2626 Iliadem
863 2571 896 2626 et
912 2561 1094 2647 Odysseam
1116 2580 1179 2624 una
1202 2581 1277 2625 eum

165 2669 369 2752 complexum
406 2675 498 2751 esse,
543 2666 630 2752 quod
663 2686 762 2750 quum
795 2665 950 2730 Lebrsius
989 2684 1119 2748 quoque
1156 2685 1277 2748 propo·

164 2771 270 2836 nendo
286 2772 395 2854 operis
418 2771 555 2852 titulum,
579 2769 620 2832 de
643 2788 708 2853 quo
730 2789 840 2853 supra,
863 2768 1068 2850 intellexerit,
1092 2766 1276 2831 conditione

163 2874 348 2960 Fragmenti
378 2873 505 2956 Veneti,
541 2893 606 2958 quo
636 2873 676 2936 de
707 2872 789 2936 locis
818 2870 1002 2935 Homericis
1033 2869 1074 2933 ad
1096 2867 1276 2932 doctrinam

160 3018 449 3034 ω’

214 3089 245 3157 8)
262 3087 296 3142 V.
324 3087 422 3143 Goettl.
449 3103 478 3157 p.
503 3083 613 3140 LXVll.
639 3082 786 3138 Tortellius
814 3081 848 3135 de
875 3076 1085 3149 orthographia:
1121 3076 1273 3143 „Ardiscos

268 3188 330 3228 oum
348 3175 358 3226 i
375 3174 461 3227 latino
481 3179 509 3227 et
526 3189 542 3226 c
561 3171 626 3226 exili
644 3169 787 3224 scribitur:
806 3166 857 3220 fuit
874 3172 946 3220 teste
967 3163 1130 3218 Aristarcho
1154 3165 1182 3216 in
1200 3162 1274 3217 theo·

266 3261 375 3329 goniam
399 3258 515 3314 Hesiodi
533 3258 634 3311 fluvius
658 3258 687 3309 in
705 3255 835 3326 Scythia:
867 3269 948 3324 quem
973 3251 1128 3311 Herodotus
1145 3248 1215 3304 libro
1233 3248 1273 3301 hi·

211 3407 214 3411 ,
266 3353 411 3404 storiarum
436 3348 488 3402 llll
513 3363 564 3418 per
593 3345 709 3417 odyrsos
733 3341 849 3413 populos
869 3339 1001 3411 Scythiae
1019 3336 1157 3409 profluere
1176 3335 1274 3389 dixit.“

266 3436 354 3490 ldem:
371 3433 521 3500 „Tartarus
543 3431 649 3502 absque
668 3429 762 3499 aliqua
780 3427 948 3497 aspiratione
966 3422 1114 3478 scribitur:
1132 3422 1212 3475 locus
1230 3425 1273 3474 cst

266 3522 423 3577 infernalis:
449 3537 530 3592 quem
549 3515 727 3573 Aristarchus
744 3529 829 3584 super
850 3509 966 3565 Hesiodi
984 3508 1130 3576 theogonia
1148 3498 1164 3557 a
1181 3503 1272 3579 ταράτ-

264 3626 344 3681 τομαι,
362 3607 433 3679 quod
454 3614 495 3660 est
513 3602 668 3667 conturbor,
688 3598 809 3652 derivari
828 3595 910 3647 dixit:
928 3594 993 3662 quia
1016 3593 1076 3644 illie
1100 3589 1191 3642 omnia
1209 3603 1271 3657 pcr-

265 3694 375 3748 turbata
393 3694 536 3749 dicuntur:
562 3698 590 3744 et
608 3692 636 3742 in
664 3683 765 3756 plurali
784 3681 845 3735 solo
874 3683 972 3731 neutro
1001 3688 1104 3743 genere
1131 3670 1273 3727 effertur.“

266 3780 371 3836 Horum
387 3779 454 3835 nihil
472 3793 562 3850 neque
581 3772 652 3845 apud
667 3766 864 3836 Goettlingium
882 3777 973 3832 neque
986 3761 1015 3811 in
1028 3757 1187 3812 Lebrsianis
1200 3754 1271 3808 alla·

171 3910 175 3915 -
264 3879 337 3937 tum,
359 3885 449 3940 neque
477 3882 529 3935 ego
549 3866 644 3917 auctor
669 3858 730 3921 sim,
759 3861 788 3908 ut
809 3852 872 3906 istis
895 3849 1019 3922 protinus
1042 3844 1112 3898 fides
1128 3841 1271 3908 habeatur,

264 3972 348 4028 quum
370 3953 532 4026 praesertim
550 3954 662 4018 arrepta
678 3943 785 4011 possint
803 3956 866 3995 esse
885 3954 921 3992 ex
939 3931 1034 3987 Schol.
1053 3930 1089 3985 ad
1107 3946 1150 3985 vs.
1176 3929 1226 3981 ttt
1244 3934 1273 3982 et

264 4043 325 4105 338,
343 4038 392 4092 ubi
404 4037 505 4092 similia
523 4036 658 4103 leguntur.
694 4028 777 4083 Nolui
794 4033 886 4080 tamen
904 4037 946 4085 ea,
970 4033 1053 4090 quum
1076 4014 1146 4070 forte
1164 4017 1193 4067 in
1211 4028 1270 4065 ma·

266 4143 318 4181 nus
330 4124 502 4188 incidissent,
516 4128 627 4194 propter
639 4116 808 4173 reconditam
822 4125 904 4183 quam
918 4122 1002 4186 saepe
1017 4102 1165 4157 Tortellius
1178 4108 1270 4154 osten-

266 4213 305 4266 dit
324 4209 504 4265 eruditionem
523 4206 633 4262 silentio
650 4201 807 4275 praeterire.

1022 4279 1062 4340 2,
