2902 4822
729 428 808 505 224

215 627 381 711 exposuit:
415 622 465 689 τὸν
487 620 575 689 αὑτὸν
606 619 771 706 δὲτρόπον
793 619 933 707 καὶπερὶ
960 629 1014 687 τοῦ
1034 620 1243 707 ὑπολιμνίσκοο
1266 622 1329 705 δη-

215 726 359 813 λώσομεν.
388 724 405 792 ὑ
426 733 496 827 ηοὺν
526 726 744 810 ὑπολημνίσκυς
764 724 892 792 τοιοὺτόν
915 724 977 793 ἐστι
999 737 1119 812 σημεῖον
1141 751 1212 809 τ,
1244 726 1328 812 ἁπλῆ

215 835 350 916 δηλονότι
368 831 486 916 γραμμὴ
507 826 614 912 ὀβελοὺ
631 829 666 895 τὸ
681 838 786 915 σχῆμα
802 830 928 914 ἔχουσα,
949 829 1140 916 ὑποκειμένην
1158 830 1193 896 δὲ
1210 832 1330 916 ἔχουσα

215 937 343 1022 στιγμήν,
365 937 455 1021 ἤγουν
478 932 614 1018 κίντημα
643 936 719 1000 ἔνθα
740 942 809 1018 γοῦν
831 934 929 1022 εὕροις
947 944 1074 1003 τοιοῦτον
1098 944 1229 1020 σημεῖον,
1248 935 1329 1001 ὑπο-
1395 971 1398 975 ·

214 1044 364 1127 λιμνίσκου
388 1039 461 1105 αὐτὸ
483 1040 612 1121 γίνωσκε
633 1035 715 1106 εἶναι
738 1041 855 1125 δύναμιν
878 1040 912 1105 δὲ
941 1042 1006 1125 ἔχει
1026 1041 1142 1126 ταύτην.
1165 1038 1241 1108 ὅπου
1268 1039 1329 1126 γὰρ

215 1145 328 1231 signin*
349 1141 427 1217 λέξει
448 1139 501 1208 τινὶ
521 1143 746 1227 παρακείμενος,
771 1146 912 1227 δηλοῦται
933 1144 992 1210 ὑπὸ
1014 1154 1084 1230 μιᾶς
1106 1149 1197 1232 (orig
1227 1147 1329 1230 ἑρμη-

214 1256 323 1314 νευτῶν
359 1242 523 1329 ἐξενεχθεὶς
556 1243 573 1309 ὁ
606 1244 706 1329 λόγος,
733 1247 813 1313 καθὸ
835 1249 856 1334 ἡ
878 1251 931 1334 μία
952 1251 1053 1335 στιγμὴ
1082 1249 1246 1334 ὑποφαίνει,
1277 1245 1331 1313 καὶ

214 1356 259 1420 ἔτι
281 1353 404 1439 [malim
439 1349 529 1435 ἐστὶν]
558 1348 631 1416 αὑτό
665 1351 883 1440 συναμφότερον
912 1352 931 1438 ἢ
959 1351 1143 1438 σονοίδελφον
1172 1361 1211 1440 τῇ
1238 1349 1327 1434 λέξοι,

214 1453 236 1546 ᾗ
257 1456 404 1523 ἐπίκειται.
450 1455 566 1539 Fallor,
590 1467 720 1521 autres
743 1458 782 1521 ab
805 1457 985 1541 Epiphanio
1008 1461 1094 1524 iusto
1117 1459 1249 1523 brevius
1270 1477 1329 1549 οπ-

170 1587 174 1599 ’
215 1564 321 1646 posita
349 1564 392 1625 ita
427 1559 539 1624 hahet:
568 1560 702 1624 eandem
733 1581 808 1625 esse
838 1563 933 1628 huius
967 1566 1051 1650 signi
1074 1584 1148 1628 oum
1169 1563 1328 1629 lemnisco

214 1674 420 1747 potestatem,
453 1661 516 1725 hoo
539 1672 650 1725 tamen·
667 1663 862 1748 discrimine,
897 1677 932 1730 ut
965 1688 1063 1752 quum
1094 1669 1147 1732 hio
1172 1670 1205 1732 in
1236 1667 1329 1731 diffe-

214 1765 315 1827 rentia
338 1765 433 1827 unius
455 1763 509 1827 vol
531 1764 668 1828 duorum
692 1768 815 1848 parium
839 1769 1048 1853 interpretum
1072 1771 1198 1854 positus
1219 1765 1327 1852 fuerit,
1413 1768 1416 1773 ⁴

214 1865 460 1951 hypolemnisoo
484 1869 517 1930 in
538 1867 611 1932 solo
633 1870 729 1934 unius
753 1869 904 1936 dissensu
925 1871 1017 1937 loeus
1041 1872 1136 1937 datus
1157 1872 1217 1937 sit:
1239 1871 1330 1957 qnod

215 1968 378 2053 quomodo
402 1968 625 2051 accipiendum
647 1971 700 2053 sit,
723 1991 800 2035 mox
821 1973 1013 2039 videbimus.
1059 1974 1231 2039 Postremo
1251 1972 1330 2057 Epi·

215 2073 353 2157 phanius
375 2094 407 2156 p.
424 2073 496 2155 173,
520 2093 605 2157 quae
628 2073 669 2137 ad
691 2087 864 2161 utrumque
886 2078 1115 2143 lemnisoorum
1130 2098 1236 2164 genus
1255 2096 1331 2160 per-

214 2180 346 2261 tineant,
369 2199 434 2242 uua
456 2178 505 2242 his
528 2180 789 2262 comprehendit:
821 2179 870 2245 διὰ
893 2181 927 2245 δὲ
947 2190 1007 2247 τῶν
1028 2183 1197 2267 λημνίσκων
1221 2177 1330 2245 ὑσσῶ-

214 2305 274 2356 τως
297 2280 435 2367 ἐδήλωσε
458 2281 648 2368 [Origenes]
671 2292 730 2348 τῶν
752 2280 835 2367 παροί
856 2307 926 2349 τισιν
945 2283 1055 2351 ἐκτῶν
1072 2284 1331 2371 ἑβδομηκονταδύο

214 2387 400 2470 ἑρμηνευπῶν
435 2384 666 2473 συναμφοτέρους
700 2387 897 2471 εὑρεθεισῶν,
940 2387 984 2464 ὡς
1017 2386 1047 2454 ἐν
1086 2387 1189 2456 σπάνει
1223 2386 1332 2472 ὀλίγων

212 2485 323 2562 λέξεων
345 2493 396 2576 την
422 2493 551 2575 δήλωσιν
581 2489 636 2557 οὐκ
659 2490 805 2576 ἀνομοίων
828 2488 938 2573 υὺσῶν,
974 2487 1038 2556 ἀλλ’
1063 2489 1175 2576 ὁμοίων
1196 2490 1259 2577 μὲν,
1280 2487 1333 2556 καὶ

213 2589 265 2673 τὴν
289 2588 380 2676 αὐτὴν
405 2593 523 2676 δύναμιν
547 2590 694 2681 ἐχουσῶν,
718 2592 762 2667 ὡς
785 2592 819 2658 ἂν
841 2592 919 2659 εἴποι
939 2618 982 2669 τις
995 2591 1057 2660 ἀντὶ
1071 2602 1124 2660 τοῦ
1141 2591 1331 2678 ,,δλ<ίλησιν“

214 2688 435 2777 ,,ἐφθίηξαπυ“,
467 2692 487 2778 ἢ
517 2692 579 2760 ἀντὶ
599 2702 652 2760 τοῦ
674 2691 807 2780 ,,ἧλθεν“
839 2693 1019 2780 ‚mutuose
1071 2695 1221 2761 Ceterum
1253 2694 1332 2779 Epi·

214 2799 333 2882 phanio
358 2809 516 2881 excepto,
551 2799 659 2863 nullus
693 2811 839 2863 veterum
871 2801 1067 2883 scriptorum
1091 2798 1332 2885 'hypolemnisoi

214 2905 410 2968 mentionem
432 2904 520 2984 feeit,
543 2903 586 2966 ita
609 2912 644 2967 ut
665 2923 782 2967 vooem
805 2904 858 2968 vel
880 2904 999 2968 Lexioa
1014 2903 1139 2968 Graeca
1157 2905 1331 2967 etiamnum

212 3007 372 3092 ignorent.
428 3006 597 3070 Addamus
633 3008 801 3090 utriusque
845 3007 989 3072 lemnisci
1020 3026 1116 3070 usum
1147 3007 1253 3070 rarius
1286 3003 1331 3069 ab

214 3112 355 3197 Origene
377 3111 497 3176 factum
527 3111 651 3193 videri,
685 3111 738 3174 vel
761 3130 819 3175 eos
843 3123 977 3194 propter
1006 3111 1129 3196 figurae
1151 3108 1332 3174 similitudi·

213 3233 288 3277 nem
309 3213 406 3277 simul
437 3215 566 3277 nomine
597 3214 766 3277 obelorum
790 3217 1044 3298 comprehensos
1067 3234 1153 3298 esse,
1184 3213 1220 3277 id
1240 3210 1332 3297 qnod

214 3316 334 3401 colligo
357 3336 399 3378 ex
431 3315 620 3401 Hieronymi
651 3315 801 3400 Epistola
832 3318 874 3381 ad
906 3318 1144 3402 Augustinum,
1178 3315 1275 3379 huius
1296 3314 1332 3378 in

214 3421 298 3504 Opp.
322 3418 358 3483 T.
381 3418 417 3483 11.
443 3420 505 3482 172
527 3420 621 3501 (alias
642 3421 712 3501 30),
734 3420 791 3483 ubi
812 3420 982 3505 leguntur:
1008 3423 1060 3484 nin
1082 3421 1225 3485 editione
1246 3415 1331 3501 Sep·

214 3526 370 3610 tnaginta,
403 3544 487 3608 quae
508 3525 676 3588 asteriscis
699 3524 907 3608 verubusque
931 3525 1082 3589 distinata
1104 3535 1185 3608 est‚¹¹
1212 3522 1331 3607 quibus

214 3651 280 3695 non
301 3629 430 3714 ambigo
453 3629 530 3711 quin
552 3625 736 3709 exemplum
758 3627 799 3690 ab
821 3627 964 3716 Origene
987 3640 1132 3692 notatum
1149 3624 1332 3711 intelligen-

216 3735 292 3798 dum
314 3734 366 3798 sit.
410 3729 532 3793 Verum
553 3728 741 3811 planissime
763 3731 835 3812 ipse
858 3729 1017 3814 Origenes
1046 3730 1169 3796 Oomm.
1190 3731 1224 3794 in
1245 3727 1331 3793 Mut-

215 3839 301 3904 thaei
323 3837 412 3919 XIX,
436 3834 499 3899 19:
539 3836 607 3898 Τῶν
628 3829 687 3916 γὰρ
710 3829 975 3916 ἇμφιβαλλυμίνων
997 3829 1081 3918 παρὰ
1109 3840 1171 3906 τοῖς
1186 3828 1330 3925 ’ἑβδομή-

214 3962 304 4005 κοντα
326 3938 375 4005 διὰ
395 3938 446 4023 τὴν
468 3945 526 4001 τῶν
547 3931 730 4019 ἀντιγράφων
753 3936 924 4017 διαφωνίαν,
945 3936 996 4020 τὴν
1020 3936 1114 4021 κρίσιν
1137 3930 1332 4018 ποιησάμενοι

216 4041 277 4110 ἀπὸ
299 4054 358 4110 τῶν
381 4047 493 4109 λοιπῶν
521 4038 672 4105 ἐκδόσεων
697 4037 731 4103 τὸ
755 4042 880 4126 συνᾷδον
908 4037 1032 4114 ἐκείναις
1055 4037 1250 4124 ὲφὺλαξαμεν,
1278 4032 1332 4103 καὶ

214 4146 277 4215 τινὰ
299 4148 350 4234 μὲν
374 4145 556 4230 ῶβελίσαμεν
579 4143 609 4209 ἐν
630 4150 675 4230 τῷ
694 4139 849 4231 Ἑβραϊκῶ
870 4144 911 4229 μὴ
932 4145 1060 4229 κείμενα,
1084 4141 1119 4209 οδ
1132 4143 1331 4229 τολμήσοντος

214 4249 292 4319 αὑτὰ
312 4248 406 4338 πάντη
433 4252 592 4337 περιελεῖν,
628 4246 691 4315 τινὰ
720 4247 756 4314 δὲ
782 4243 1057 4335 μετ’,ἀσσερίσκων
1088 4247 1329 4336 mormanno.
