<?xml version="1.0" encoding="UTF-8"?>
<!DOCTYPE html PUBLIC "-//W3C//DTD XHTML 1.0 Transitional//EN"
    "http://www.w3.org/TR/xhtml1/DTD/xhtml1-transitional.dtd">
<html xmlns="http://www.w3.org/1999/xhtml" xml:lang="en" lang="en">
 <head>
  <title>
</title>
<meta http-equiv="Content-Type" content="text/html;charset=utf-8" />
  <meta name='ocr-system' content='tesseract 3.04.00' />
  <meta name='ocr-capabilities' content='ocr_page ocr_carea ocr_par ocr_line ocrx_word'/>
</head>
<body>
  <div class='ocr_page' id='page_1' title='image "./anecdotumromanu00osangoog_0296.png"; bbox 0 0 2902 4822; ppageno 0'>
   <div class='ocr_carea' id='block_1_1' title="bbox 652 410 732 489">
    <p class='ocr_par' dir='ltr' id='par_1_1' title="bbox 652 410 732 489">
     <span class='ocr_line' id='line_1_1' title="bbox 652 410 732 489; baseline 0 0"><span class='ocrx_word' id='word_1_1' title='bbox 652 410 732 489; x_wconf 69' lang='lat' dir='ltr'><strong>uto</strong></span> 
     </span>
    </p>
   </div>
   <div class='ocr_carea' id='block_1_2' title="bbox 87 599 1258 4128">
    <p class='ocr_par' dir='ltr' id='par_1_2' title="bbox 130 599 1251 796">
     <span class='ocr_line' id='line_1_2' title="bbox 221 599 1251 688; baseline -0.001 -20"><span class='ocrx_word' id='word_1_2' title='bbox 221 608 255 686; x_wconf 87' lang='grc' dir='ltr'><strong>Ξ,</strong></span> <span class='ocrx_word' id='word_1_3' title='bbox 283 607 364 671; x_wconf 78' lang='lat'><strong>331:</strong></span> <span class='ocrx_word' id='word_1_4' title='bbox 397 601 609 688; x_wconf 71' lang='grc' dir='ltr'><strong>ἀποσπένδων]</strong></span> <span class='ocrx_word' id='word_1_5' title='bbox 642 602 731 670; x_wconf 85' lang='lat' dir='ltr'><strong>Harl.</strong></span> <span class='ocrx_word' id='word_1_6' title='bbox 764 622 839 669; x_wconf 88' lang='lat' dir='ltr'><strong>cum</strong></span> <span class='ocrx_word' id='word_1_7' title='bbox 873 601 1012 668; x_wconf 83' lang='lat' dir='ltr'><strong>vindob.</strong></span> <span class='ocrx_word' id='word_1_8' title='bbox 1038 603 1108 668; x_wconf 80' lang='lat'>133.</span> <span class='ocrx_word' id='word_1_9' title='bbox 1143 599 1251 681; x_wconf 71' lang='grc' dir='ltr'><strong>Οὕτως</strong></span> 
     </span>
     <span class='ocr_line' id='line_1_3' title="bbox 130 704 1245 796; baseline 0 -22"><span class='ocrx_word' id='word_1_10' title='bbox 130 704 349 796; x_wconf 79' lang='grc' dir='ltr'>Ἀρίσταρχος·</span> <span class='ocrx_word' id='word_1_11' title='bbox 372 711 400 778; x_wconf 84' lang='grc' dir='ltr'><strong>οἱ</strong></span> <span class='ocrx_word' id='word_1_12' title='bbox 421 709 456 776; x_wconf 81' lang='grc' dir='ltr'><strong>δὲ</strong></span> <span class='ocrx_word' id='word_1_13' title='bbox 474 706 584 783; x_wconf 66' lang='lat' dir='ltr'><strong>uiolet&lt;</strong></span> <span class='ocrx_word' id='word_1_14' title='bbox 606 704 799 774; x_wconf 69' lang='grc' dir='ltr'><strong>ἐπισπένδων.</strong></span> <span class='ocrx_word' id='word_1_15' title='bbox 1219 774 1245 791; x_wconf 87' lang='lat'><strong>..</strong></span> 
     </span>
    </p>

    <p class='ocr_par' dir='ltr' id='par_1_3' title="bbox 132 807 1254 1004">
     <span class='ocr_line' id='line_1_4' title="bbox 221 807 1254 901; baseline 0.004 -25"><span class='ocrx_word' id='word_1_16' title='bbox 221 816 254 895; x_wconf 89' lang='grc' dir='ltr'><strong>Σ,</strong></span> <span class='ocrx_word' id='word_1_17' title='bbox 283 816 341 880; x_wconf 74' lang='lat'><strong>98:</strong></span> <span class='ocrx_word' id='word_1_18' title='bbox 375 812 493 901; x_wconf 71' lang='grc' dir='ltr'><strong>μαωὶνν]</strong></span> <span class='ocrx_word' id='word_1_19' title='bbox 526 813 607 882; x_wconf 79' lang='lat' dir='ltr'><strong>eod.</strong></span> <span class='ocrx_word' id='word_1_20' title='bbox 637 811 676 877; x_wconf 92' lang='grc' dir='ltr'><strong>Β.</strong></span> <span class='ocrx_word' id='word_1_21' title='bbox 704 809 754 879; x_wconf 77' lang='grc' dir='ltr'><strong>ἐπὶ</strong></span> <span class='ocrx_word' id='word_1_22' title='bbox 783 807 974 900; x_wconf 73' lang='grc' dir='ltr'><strong>ἀνθρωπείας</strong></span> <span class='ocrx_word' id='word_1_23' title='bbox 1005 817 1116 898; x_wconf 64' lang='grc' dir='ltr'><strong>φωνῆς,</strong></span> <span class='ocrx_word' id='word_1_24' title='bbox 1162 810 1254 880; x_wconf 68' lang='lat' dir='ltr'><strong>Harl.</strong></span> 
     </span>
     <span class='ocr_line' id='line_1_5' title="bbox 132 913 414 1004; baseline 0.011 -23"><span class='ocrx_word' id='word_1_25' title='bbox 132 913 170 982; x_wconf 89' lang='grc' dir='ltr'><strong><em>Ἦ</em></strong></span> <span class='ocrx_word' id='word_1_26' title='bbox 192 913 284 994; x_wconf 83' lang='grc' dir='ltr'><strong>αἷολὶς</strong></span> <span class='ocrx_word' id='word_1_27' title='bbox 305 917 414 1004; x_wconf 81' lang='grc' dir='ltr'><strong>χανών.</strong></span> 
     </span>
    </p>

    <p class='ocr_par' dir='ltr' id='par_1_4' title="bbox 87 1020 1258 4128">
     <span class='ocr_line' id='line_1_6' title="bbox 221 1020 1253 1107; baseline 0.001 -21"><span class='ocrx_word' id='word_1_28' title='bbox 221 1023 285 1107; x_wconf 83' lang='lat' dir='ltr'><strong>Agi</strong></span> <span class='ocrx_word' id='word_1_29' title='bbox 307 1024 358 1088; x_wconf 89' lang='lat' dir='ltr'><strong>his</strong></span> <span class='ocrx_word' id='word_1_30' title='bbox 380 1026 463 1090; x_wconf 93' lang='lat' dir='ltr'><strong>locis</strong></span> <span class='ocrx_word' id='word_1_31' title='bbox 493 1023 534 1088; x_wconf 91' lang='lat' dir='ltr'><strong>de</strong></span> <span class='ocrx_word' id='word_1_32' title='bbox 562 1022 660 1087; x_wconf 87' lang='lat' dir='ltr'><strong>variis</strong></span> <span class='ocrx_word' id='word_1_33' title='bbox 690 1020 896 1104; x_wconf 89' lang='lat' dir='ltr'><strong>lectionibus,</strong></span> <span class='ocrx_word' id='word_1_34' title='bbox 926 1042 1010 1107; x_wconf 89' lang='lat' dir='ltr'><strong>quae</strong></span> <span class='ocrx_word' id='word_1_35' title='bbox 1042 1041 1084 1086; x_wconf 87' lang='lat' dir='ltr'><strong>ex</strong></span> <span class='ocrx_word' id='word_1_36' title='bbox 1111 1021 1253 1087; x_wconf 79' lang='lat' dir='ltr'>editione</span> 
     </span>
     <span class='ocr_line' id='line_1_7' title="bbox 136 1122 1253 1212; baseline -0.004 -20"><span class='ocrx_word' id='word_1_37' title='bbox 136 1127 305 1212; x_wconf 84' lang='lat' dir='ltr'><strong>Odyseae</strong></span> <span class='ocrx_word' id='word_1_38' title='bbox 315 1128 451 1193; x_wconf 90' lang='lat' dir='ltr'><strong>Aeolica</strong></span> <span class='ocrx_word' id='word_1_39' title='bbox 463 1127 549 1192; x_wconf 91' lang='lat' dir='ltr'><strong>dicta</strong></span> <span class='ocrx_word' id='word_1_40' title='bbox 569 1136 717 1210; x_wconf 84' lang='lat' dir='ltr'><strong>sumptae</strong></span> <span class='ocrx_word' id='word_1_41' title='bbox 728 1136 849 1208; x_wconf 82' lang='lat' dir='ltr'><strong>essent,</strong></span> <span class='ocrx_word' id='word_1_42' title='bbox 875 1126 998 1211; x_wconf 91' lang='lat' dir='ltr'><strong>primus</strong></span> <span class='ocrx_word' id='word_1_43' title='bbox 1013 1126 1145 1212; x_wconf 82' lang='lat' dir='ltr'><strong>agnovit</strong></span> <span class='ocrx_word' id='word_1_44' title='bbox 1162 1122 1253 1189; x_wconf 89' lang='lat' dir='ltr'><strong>Butt-</strong></span> 
     </span>
     <span class='ocr_line' id='line_1_8' title="bbox 136 1227 1254 1317; baseline 0 -23"><span class='ocrx_word' id='word_1_45' title='bbox 136 1251 290 1316; x_wconf 91' lang='lat' dir='ltr'><strong>mannus,</strong></span> <span class='ocrx_word' id='word_1_46' title='bbox 314 1234 385 1298; x_wconf 87' lang='lat' dir='ltr'><strong>eius</strong></span> <span class='ocrx_word' id='word_1_47' title='bbox 409 1230 633 1317; x_wconf 83' lang='lat' dir='ltr'><strong>appellationis</strong></span> <span class='ocrx_word' id='word_1_48' title='bbox 658 1228 754 1295; x_wconf 85' lang='lat' dir='ltr'><strong>fidem</strong></span> <span class='ocrx_word' id='word_1_49' title='bbox 774 1228 990 1295; x_wconf 80' lang='lat' dir='ltr'><strong>corroborans</strong></span> <span class='ocrx_word' id='word_1_50' title='bbox 1015 1250 1056 1294; x_wconf 87' lang='lat' dir='ltr'><strong>ex</strong></span> <span class='ocrx_word' id='word_1_51' title='bbox 1078 1227 1254 1315; x_wconf 78' lang='lat' dir='ltr'><strong>Argolicae</strong></span> 
     </span>
     <span class='ocr_line' id='line_1_9' title="bbox 137 1332 1255 1419; baseline -0.001 -20"><span class='ocrx_word' id='word_1_52' title='bbox 137 1334 274 1399; x_wconf 89' lang='lat' dir='ltr'><strong>celebris</strong></span> <span class='ocrx_word' id='word_1_53' title='bbox 286 1335 371 1400; x_wconf 88' lang='lat' dir='ltr'><strong>illius</strong></span> <span class='ocrx_word' id='word_1_54' title='bbox 385 1336 523 1418; x_wconf 90' lang='lat' dir='ltr'><strong>nomine,</strong></span> <span class='ocrx_word' id='word_1_55' title='bbox 542 1354 637 1419; x_wconf 89' lang='lat' dir='ltr'><strong>quam</strong></span> <span class='ocrx_word' id='word_1_56' title='bbox 649 1354 749 1419; x_wconf 84' lang='lat' dir='ltr'><strong>supra</strong></span> <span class='ocrx_word' id='word_1_57' title='bbox 760 1335 794 1397; x_wconf 94' lang='lat' dir='ltr'><strong>in</strong></span> <span class='ocrx_word' id='word_1_58' title='bbox 811 1334 929 1398; x_wconf 88' lang='lat' dir='ltr'><strong>ceteris</strong></span> <span class='ocrx_word' id='word_1_59' title='bbox 941 1332 1074 1398; x_wconf 91' lang='lat' dir='ltr'><strong>Homeri</strong></span> <span class='ocrx_word' id='word_1_60' title='bbox 1093 1332 1255 1417; x_wconf 85' lang='lat' dir='ltr'><strong>exempla·</strong></span> 
     </span>
     <span class='ocr_line' id='line_1_10' title="bbox 136 1428 1255 1524; baseline 0.001 -22"><span class='ocrx_word' id='word_1_61' title='bbox 136 1438 226 1503; x_wconf 86' lang='lat' dir='ltr'><strong>ribus</strong></span> <span class='ocrx_word' id='word_1_62' title='bbox 245 1440 481 1504; x_wconf 84' lang='lat' dir='ltr'><strong>enarravimus:</strong></span> <span class='ocrx_word' id='word_1_63' title='bbox 508 1439 641 1522; x_wconf 87' lang='lat' dir='ltr'><strong>insuper</strong></span> <span class='ocrx_word' id='word_1_64' title='bbox 665 1437 792 1522; x_wconf 89' lang='lat' dir='ltr'><strong>adiecit,</strong></span> <span class='ocrx_word' id='word_1_65' title='bbox 818 1437 860 1501; x_wconf 92' lang='lat' dir='ltr'><strong>de</strong></span> <span class='ocrx_word' id='word_1_66' title='bbox 883 1435 1022 1501; x_wconf 91' lang='lat' dir='ltr'><strong>dialecto</strong></span> <span class='ocrx_word' id='word_1_67' title='bbox 1048 1428 1255 1524; x_wconf 79' lang='lat' dir='ltr'><strong>cogitandum</strong></span> 
     </span>
     <span class='ocr_line' id='line_1_11' title="bbox 136 1540 1257 1627; baseline -0.001 -21"><span class='ocrx_word' id='word_1_68' title='bbox 136 1563 202 1607; x_wconf 92' lang='lat' dir='ltr'><strong>non</strong></span> <span class='ocrx_word' id='word_1_69' title='bbox 213 1564 298 1609; x_wconf 85' lang='lat' dir='ltr'><strong>esse.</strong></span> <span class='ocrx_word' id='word_1_70' title='bbox 326 1542 375 1607; x_wconf 88' lang='lat' dir='ltr'><strong>De</strong></span> <span class='ocrx_word' id='word_1_71' title='bbox 387 1554 502 1608; x_wconf 86' lang='lat' dir='ltr'><strong>neutro</strong></span> <span class='ocrx_word' id='word_1_72' title='bbox 516 1543 592 1609; x_wconf 93' lang='lat' dir='ltr'><strong>mihi</strong></span> <span class='ocrx_word' id='word_1_73' title='bbox 608 1562 682 1607; x_wconf 91' lang='lat' dir='ltr'><strong>cum</strong></span> <span class='ocrx_word' id='word_1_74' title='bbox 689 1540 885 1607; x_wconf 88' lang='lat' dir='ltr'><strong>Buttmanno</strong></span> <span class='ocrx_word' id='word_1_75' title='bbox 899 1541 1062 1609; x_wconf 80' lang='lat' dir='ltr'><strong>convenit.</strong></span> <span class='ocrx_word' id='word_1_76' title='bbox 1083 1541 1171 1625; x_wconf 91' lang='lat' dir='ltr'><strong>Apte</strong></span> <span class='ocrx_word' id='word_1_77' title='bbox 1187 1541 1257 1627; x_wconf 87' lang='lat' dir='ltr'><strong>qni·</strong></span> 
     </span>
     <span class='ocr_line' id='line_1_12' title="bbox 137 1636 1256 1734; baseline -0.001 -23"><span class='ocrx_word' id='word_1_78' title='bbox 137 1649 209 1712; x_wconf 90' lang='lat' dir='ltr'><strong>dem</strong></span> <span class='ocrx_word' id='word_1_79' title='bbox 225 1647 360 1713; x_wconf 88' lang='lat' dir='ltr'><strong>Aeolica</strong></span> <span class='ocrx_word' id='word_1_80' title='bbox 375 1668 448 1713; x_wconf 89' lang='lat' dir='ltr'><strong>cum</strong></span> <span class='ocrx_word' id='word_1_81' title='bbox 460 1645 614 1734; x_wconf 83' lang='lat' dir='ltr'><strong>Argolica</strong></span> <span class='ocrx_word' id='word_1_82' title='bbox 635 1655 840 1731; x_wconf 86' lang='lat' dir='ltr'><strong>comparatur</strong></span> <span class='ocrx_word' id='word_1_83' title='bbox 854 1656 1008 1732; x_wconf 91' lang='lat' dir='ltr'><strong>quantum</strong></span> <span class='ocrx_word' id='word_1_84' title='bbox 1024 1645 1065 1711; x_wconf 89' lang='lat' dir='ltr'><strong>ad</strong></span> <span class='ocrx_word' id='word_1_85' title='bbox 1076 1636 1256 1711; x_wconf 81' lang='lat' dir='ltr'><strong>similitudi·</strong></span> 
     </span>
     <span class='ocr_line' id='line_1_13' title="bbox 136 1737 1256 1839; baseline 0 -23"><span class='ocrx_word' id='word_1_86' title='bbox 136 1773 209 1816; x_wconf 91' lang='lat' dir='ltr'><strong>nem</strong></span> <span class='ocrx_word' id='word_1_87' title='bbox 234 1752 473 1836; x_wconf 84' lang='lat' dir='ltr'><strong>appellationis:</strong></span> <span class='ocrx_word' id='word_1_88' title='bbox 496 1750 631 1816; x_wconf 90' lang='lat' dir='ltr'><strong>multum</strong></span> <span class='ocrx_word' id='word_1_89' title='bbox 653 1770 733 1816; x_wconf 86' lang='lat' dir='ltr'><strong>vero</strong></span> <span class='ocrx_word' id='word_1_90' title='bbox 757 1760 894 1839; x_wconf 89' lang='lat' dir='ltr'><strong>utraque</strong></span> <span class='ocrx_word' id='word_1_91' title='bbox 913 1752 997 1815; x_wconf 87' lang='lat' dir='ltr'><strong>inter</strong></span> <span class='ocrx_word' id='word_1_92' title='bbox 1022 1771 1061 1816; x_wconf 89' lang='lat' dir='ltr'><strong>se</strong></span> <span class='ocrx_word' id='word_1_93' title='bbox 1085 1737 1201 1833; x_wconf 68' lang='lat' dir='ltr'><strong>diflert,</strong></span> <span class='ocrx_word' id='word_1_94' title='bbox 1226 1751 1256 1816; x_wconf 85' lang='lat' dir='ltr'><strong>si</strong></span> 
     </span>
     <span class='ocr_line' id='line_1_14' title="bbox 137 1840 1257 1942; baseline -0.001 -21"><span class='ocrx_word' id='word_1_95' title='bbox 137 1856 294 1942; x_wconf 84' lang='lat' dir='ltr'><strong>originem</strong></span> <span class='ocrx_word' id='word_1_96' title='bbox 306 1857 462 1940; x_wconf 87' lang='lat' dir='ltr'><strong>euinque</strong></span> <span class='ocrx_word' id='word_1_97' title='bbox 473 1864 670 1939; x_wconf 81' lang='lat' dir='ltr'><strong>spectamus.</strong></span> <span class='ocrx_word' id='word_1_98' title='bbox 696 1853 780 1919; x_wconf 92' lang='lat' dir='ltr'><strong>Nam</strong></span> <span class='ocrx_word' id='word_1_99' title='bbox 794 1875 892 1941; x_wconf 92' lang='lat' dir='ltr'><strong>quum</strong></span> <span class='ocrx_word' id='word_1_100' title='bbox 904 1840 1131 1921; x_wconf 84' lang='lat' dir='ltr'><strong>haecrectein</strong></span> <span class='ocrx_word' id='word_1_101' title='bbox 1143 1874 1257 1921; x_wconf 89' lang='lat' dir='ltr'><strong>recen·</strong></span> 
     </span>
     <span class='ocr_line' id='line_1_15' title="bbox 137 1958 1255 2045; baseline 0 -19"><span class='ocrx_word' id='word_1_102' title='bbox 137 1961 283 2026; x_wconf 88' lang='lat' dir='ltr'><strong>sionibus</strong></span> <span class='ocrx_word' id='word_1_103' title='bbox 295 1960 434 2043; x_wconf 87' lang='lat' dir='ltr'><strong>politicis</strong></span> <span class='ocrx_word' id='word_1_104' title='bbox 448 1960 617 2043; x_wconf 76' lang='lat' dir='ltr'><strong>reseratur,</strong></span> <span class='ocrx_word' id='word_1_105' title='bbox 637 1960 756 2045; x_wconf 86' lang='lat' dir='ltr'><strong>quippe</strong></span> <span class='ocrx_word' id='word_1_106' title='bbox 767 1960 808 2023; x_wconf 88' lang='lat' dir='ltr'><strong>ab</strong></span> <span class='ocrx_word' id='word_1_107' title='bbox 821 1960 921 2044; x_wconf 81' lang='lat' dir='ltr'><strong>Argis</strong></span> <span class='ocrx_word' id='word_1_108' title='bbox 939 1961 1068 2026; x_wconf 86' lang='lat' dir='ltr'><strong>civitate</strong></span> <span class='ocrx_word' id='word_1_109' title='bbox 1079 1958 1255 2045; x_wconf 83' lang='lat' dir='ltr'><strong>appellate:</strong></span> 
     </span>
     <span class='ocr_line' id='line_1_16' title="bbox 138 2052 1256 2151; baseline -0.001 -22"><span class='ocrx_word' id='word_1_110' title='bbox 138 2067 189 2129; x_wconf 89' lang='lat' dir='ltr'><strong>cui</strong></span> <span class='ocrx_word' id='word_1_111' title='bbox 207 2064 280 2129; x_wconf 91' lang='lat' dir='ltr'><strong>urbi</strong></span> <span class='ocrx_word' id='word_1_112' title='bbox 298 2064 351 2129; x_wconf 89' lang='lat' dir='ltr'><strong>vel</strong></span> <span class='ocrx_word' id='word_1_113' title='bbox 369 2065 490 2129; x_wconf 88' lang='lat' dir='ltr'><strong>civitati</strong></span> <span class='ocrx_word' id='word_1_114' title='bbox 508 2063 676 2128; x_wconf 80' lang='lat' dir='ltr'><strong>Aeolicam</strong></span> <span class='ocrx_word' id='word_1_115' title='bbox 696 2063 860 2151; x_wconf 82' lang='lat' dir='ltr'><strong>adsignes,</strong></span> <span class='ocrx_word' id='word_1_116' title='bbox 878 2065 912 2128; x_wconf 91' lang='lat' dir='ltr'><strong>in</strong></span> <span class='ocrx_word' id='word_1_117' title='bbox 934 2064 996 2129; x_wconf 82' lang='lat' dir='ltr'><strong>hac</strong></span> <span class='ocrx_word' id='word_1_118' title='bbox 1015 2053 1166 2148; x_wconf 73' lang='lat' dir='ltr'><strong>nominis,</strong></span> <span class='ocrx_word' id='word_1_119' title='bbox 1190 2052 1256 2149; x_wconf 76' lang='lat' dir='ltr'><strong>qno</strong></span> 
     </span>
     <span class='ocr_line' id='line_1_17' title="bbox 87 2167 1256 2254; baseline -0.005 -15"><span class='ocrx_word' id='word_1_120' title='bbox 87 2235 89 2239; x_wconf 25' lang='lat' dir='ltr'>s</span> <span class='ocrx_word' id='word_1_121' title='bbox 137 2168 224 2234; x_wconf 89' lang='lat' dir='ltr'><strong>nulla</strong></span> <span class='ocrx_word' id='word_1_122' title='bbox 246 2180 336 2234; x_wconf 89' lang='lat' dir='ltr'><strong>certa</strong></span> <span class='ocrx_word' id='word_1_123' title='bbox 356 2169 513 2234; x_wconf 87' lang='lat' dir='ltr'><strong>Graeciae</strong></span> <span class='ocrx_word' id='word_1_124' title='bbox 535 2177 622 2233; x_wconf 86' lang='lat' dir='ltr'><strong>terra</strong></span> <span class='ocrx_word' id='word_1_125' title='bbox 644 2167 814 2251; x_wconf 91' lang='lat' dir='ltr'><strong>indicatur,</strong></span> <span class='ocrx_word' id='word_1_126' title='bbox 847 2167 1056 2254; x_wconf 82' lang='lat' dir='ltr'><strong>ambiguitate</strong></span> <span class='ocrx_word' id='word_1_127' title='bbox 1083 2167 1256 2233; x_wconf 79' lang='lat' dir='ltr'><strong>dubitabis.</strong></span> 
     </span>
     <span class='ocr_line' id='line_1_18' title="bbox 137 2262 1258 2355; baseline -0.002 -17"><span class='ocrx_word' id='word_1_128' title='bbox 137 2273 220 2338; x_wconf 89' lang='lat' dir='ltr'><strong>Nam</strong></span> <span class='ocrx_word' id='word_1_129' title='bbox 243 2274 271 2337; x_wconf 91' lang='lat' dir='ltr'><strong>si</strong></span> <span class='ocrx_word' id='word_1_130' title='bbox 293 2273 377 2337; x_wconf 83' lang='lat' dir='ltr'><strong>forte</strong></span> <span class='ocrx_word' id='word_1_131' title='bbox 400 2272 570 2338; x_wconf 81' lang='lat' dir='ltr'><strong>Aeolidem</strong></span> <span class='ocrx_word' id='word_1_132' title='bbox 592 2271 702 2355; x_wconf 89' lang='lat' dir='ltr'><strong>Asiae,</strong></span> <span class='ocrx_word' id='word_1_133' title='bbox 725 2270 812 2336; x_wconf 91' lang='lat' dir='ltr'><strong>unde</strong></span> <span class='ocrx_word' id='word_1_134' title='bbox 833 2289 951 2337; x_wconf 89' lang='lat' dir='ltr'><strong>nomen</strong></span> <span class='ocrx_word' id='word_1_135' title='bbox 974 2271 1117 2355; x_wconf 87' lang='lat' dir='ltr'><strong>duxerit,</strong></span> <span class='ocrx_word' id='word_1_136' title='bbox 1139 2262 1258 2336; x_wconf 82' lang='lat' dir='ltr'><strong>intelli·</strong></span> 
     </span>
     <span class='ocr_line' id='line_1_19' title="bbox 136 2374 1257 2466; baseline -0.003 -22"><span class='ocrx_word' id='word_1_137' title='bbox 136 2400 206 2466; x_wconf 84' lang='lat' dir='ltr'><strong>gas,</strong></span> <span class='ocrx_word' id='word_1_138' title='bbox 229 2398 343 2463; x_wconf 86' lang='lat' dir='ltr'><strong>parum</strong></span> <span class='ocrx_word' id='word_1_139' title='bbox 364 2377 516 2461; x_wconf 84' lang='lat' dir='ltr'><strong>proficies</strong></span> <span class='ocrx_word' id='word_1_140' title='bbox 548 2374 680 2441; x_wconf 90' lang='lat' dir='ltr'><strong>adrem</strong></span> <span class='ocrx_word' id='word_1_141' title='bbox 702 2375 947 2461; x_wconf 84' lang='lat' dir='ltr'><strong>expediendam,</strong></span> <span class='ocrx_word' id='word_1_142' title='bbox 970 2396 1070 2462; x_wconf 89' lang='lat' dir='ltr'><strong>quum</strong></span> <span class='ocrx_word' id='word_1_143' title='bbox 1090 2394 1155 2441; x_wconf 87' lang='lat' dir='ltr'><strong>una</strong></span> <span class='ocrx_word' id='word_1_144' title='bbox 1177 2374 1257 2441; x_wconf 75' lang='lat' dir='ltr'><strong>ervi·-</strong></span> 
     </span>
     <span class='ocr_line' id='line_1_20' title="bbox 136 2481 1254 2567; baseline -0.003 -19"><span class='ocrx_word' id='word_1_145' title='bbox 136 2493 211 2567; x_wconf 90' lang='lat' dir='ltr'><strong>tate,</strong></span> <span class='ocrx_word' id='word_1_146' title='bbox 236 2483 329 2547; x_wconf 88' lang='lat' dir='ltr'><strong>cuius</strong></span> <span class='ocrx_word' id='word_1_147' title='bbox 351 2481 543 2546; x_wconf 87' lang='lat' dir='ltr'><strong>auctoritate</strong></span> <span class='ocrx_word' id='word_1_148' title='bbox 564 2481 629 2546; x_wconf 89' lang='lat' dir='ltr'><strong>tale</strong></span> <span class='ocrx_word' id='word_1_149' title='bbox 651 2499 735 2565; x_wconf 89' lang='lat' dir='ltr'><strong>opus</strong></span> <span class='ocrx_word' id='word_1_150' title='bbox 758 2481 874 2546; x_wconf 90' lang='lat' dir='ltr'><strong>confici</strong></span> <span class='ocrx_word' id='word_1_151' title='bbox 896 2481 1067 2566; x_wconf 85' lang='lat' dir='ltr'><strong>potuisset,</strong></span> <span class='ocrx_word' id='word_1_152' title='bbox 1090 2482 1119 2545; x_wconf 93' lang='lat' dir='ltr'><strong>is</strong></span> <span class='ocrx_word' id='word_1_153' title='bbox 1131 2488 1254 2546; x_wconf 78' lang='lat' dir='ltr'><strong>tractus</strong></span> 
     </span>
     <span class='ocr_line' id='line_1_21' title="bbox 135 2584 1256 2671; baseline 0 -20"><span class='ocrx_word' id='word_1_154' title='bbox 135 2588 223 2653; x_wconf 89' lang='lat' dir='ltr'><strong>nullo</strong></span> <span class='ocrx_word' id='word_1_155' title='bbox 250 2597 397 2670; x_wconf 90' lang='lat' dir='ltr'><strong>tempore</strong></span> <span class='ocrx_word' id='word_1_156' title='bbox 431 2585 685 2670; x_wconf 86' lang='lat' dir='ltr'><strong>comprehensus</strong></span> <span class='ocrx_word' id='word_1_157' title='bbox 713 2585 820 2650; x_wconf 81' lang='lat' dir='ltr'><strong>fuerit.</strong></span> <span class='ocrx_word' id='word_1_158' title='bbox 864 2585 982 2671; x_wconf 78' lang='lat' dir='ltr'><strong>Aptius</strong></span> <span class='ocrx_word' id='word_1_159' title='bbox 1013 2584 1256 2671; x_wconf 79' lang='lat' dir='ltr'><strong>comparaveris</strong></span> 
     </span>
     <span class='ocr_line' id='line_1_22' title="bbox 137 2686 1254 2777; baseline -0.002 -21"><span class='ocrx_word' id='word_1_160' title='bbox 137 2691 326 2757; x_wconf 86' lang='lat' dir='ltr'><strong>Cretensem</strong></span> <span class='ocrx_word' id='word_1_161' title='bbox 355 2688 409 2754; x_wconf 89' lang='lat' dir='ltr'><strong>vel</strong></span> <span class='ocrx_word' id='word_1_162' title='bbox 440 2688 604 2777; x_wconf 75' lang='lat' dir='ltr'><strong>Cypriam,</strong></span> <span class='ocrx_word' id='word_1_163' title='bbox 639 2690 668 2755; x_wconf 93' lang='lat' dir='ltr'><strong>si</strong></span> <span class='ocrx_word' id='word_1_164' title='bbox 700 2689 815 2777; x_wconf 83' lang='lat' dir='ltr'><strong>fingas,</strong></span> <span class='ocrx_word' id='word_1_165' title='bbox 849 2689 1020 2755; x_wconf 82' lang='lat' dir='ltr'><strong>Aeolicam</strong></span> <span class='ocrx_word' id='word_1_166' title='bbox 1051 2687 1093 2755; x_wconf 86' lang='lat' dir='ltr'><strong>ab</strong></span> <span class='ocrx_word' id='word_1_167' title='bbox 1115 2686 1254 2754; x_wconf 77' lang='lat' dir='ltr'><strong>Aeolide</strong></span> 
     </span>
     <span class='ocr_line' id='line_1_23' title="bbox 136 2793 1253 2882; baseline 0 -23"><span class='ocrx_word' id='word_1_168' title='bbox 136 2805 203 2861; x_wconf 93' lang='lat' dir='ltr'><strong>tum</strong></span> <span class='ocrx_word' id='word_1_169' title='bbox 226 2796 343 2861; x_wconf 90' lang='lat' dir='ltr'><strong>dictam</strong></span> <span class='ocrx_word' id='word_1_170' title='bbox 365 2814 451 2877; x_wconf 89' lang='lat' dir='ltr'><strong>esse,</strong></span> <span class='ocrx_word' id='word_1_171' title='bbox 475 2813 575 2879; x_wconf 89' lang='lat' dir='ltr'><strong>quum</strong></span> <span class='ocrx_word' id='word_1_172' title='bbox 597 2794 744 2882; x_wconf 80' lang='lat' dir='ltr'><strong>singulae</strong></span> <span class='ocrx_word' id='word_1_173' title='bbox 765 2793 912 2860; x_wconf 89' lang='lat' dir='ltr'><strong>Aeolidis</strong></span> <span class='ocrx_word' id='word_1_174' title='bbox 942 2795 1089 2860; x_wconf 84' lang='lat' dir='ltr'><strong>civitates</strong></span> <span class='ocrx_word' id='word_1_175' title='bbox 1119 2793 1253 2859; x_wconf 78' lang='lat' dir='ltr'><strong>medere</strong></span> 
     </span>
     <span class='ocr_line' id='line_1_24' title="bbox 135 2897 1253 2984; baseline 0.002 -22"><span class='ocrx_word' id='word_1_176' title='bbox 135 2901 262 2964; x_wconf 92' lang='lat' dir='ltr'><strong>iunctae</strong></span> <span class='ocrx_word' id='word_1_177' title='bbox 285 2910 405 2965; x_wconf 85' lang='lat' dir='ltr'><strong>essent.</strong></span> <span class='ocrx_word' id='word_1_178' title='bbox 450 2898 495 2964; x_wconf 89' lang='lat' dir='ltr'><strong>At</strong></span> <span class='ocrx_word' id='word_1_179' title='bbox 516 2918 622 2982; x_wconf 88' lang='lat' dir='ltr'><strong>neque</strong></span> <span class='ocrx_word' id='word_1_180' title='bbox 645 2897 686 2962; x_wconf 93' lang='lat' dir='ltr'><strong>de</strong></span> <span class='ocrx_word' id='word_1_181' title='bbox 707 2897 764 2962; x_wconf 90' lang='lat' dir='ltr'><strong>tali</strong></span> <span class='ocrx_word' id='word_1_182' title='bbox 784 2897 919 2963; x_wconf 80' lang='lat' dir='ltr'><strong>foedere</strong></span> <span class='ocrx_word' id='word_1_183' title='bbox 940 2918 995 2964; x_wconf 84' lang='lat' dir='ltr'><strong>res</strong></span> <span class='ocrx_word' id='word_1_184' title='bbox 1017 2899 1114 2984; x_wconf 87' lang='lat' dir='ltr'><strong>plana</strong></span> <span class='ocrx_word' id='word_1_185' title='bbox 1137 2906 1205 2964; x_wconf 84' lang='lat' dir='ltr'><strong>est:</strong></span> <span class='ocrx_word' id='word_1_186' title='bbox 1225 2901 1253 2975; x_wconf 84' lang='lat'><strong>¹)</strong></span> 
     </span>
     <span class='ocr_line' id='line_1_25' title="bbox 137 3000 1252 3089; baseline -0.003 -22"><span class='ocrx_word' id='word_1_187' title='bbox 137 3012 170 3067; x_wconf 88' lang='lat' dir='ltr'><strong>et</strong></span> <span class='ocrx_word' id='word_1_188' title='bbox 191 3005 219 3068; x_wconf 90' lang='lat' dir='ltr'><strong>si</strong></span> <span class='ocrx_word' id='word_1_189' title='bbox 241 3003 330 3089; x_wconf 89' lang='lat' dir='ltr'><strong>quod</strong></span> <span class='ocrx_word' id='word_1_190' title='bbox 352 3003 421 3087; x_wconf 82' lang='lat' dir='ltr'><strong>luit,</strong></span> <span class='ocrx_word' id='word_1_191' title='bbox 444 3011 669 3087; x_wconf 84' lang='lat' dir='ltr'><strong>praeterquam</strong></span> <span class='ocrx_word' id='word_1_192' title='bbox 693 3000 780 3088; x_wconf 89' lang='lat' dir='ltr'><strong>qnod</strong></span> <span class='ocrx_word' id='word_1_193' title='bbox 803 3002 875 3066; x_wconf 88' lang='lat' dir='ltr'><strong>eius</strong></span> <span class='ocrx_word' id='word_1_194' title='bbox 893 3002 1038 3066; x_wconf 86' lang='lat' dir='ltr'><strong>instituta</strong></span> <span class='ocrx_word' id='word_1_195' title='bbox 1053 3000 1252 3087; x_wconf 74' lang='lat' dir='ltr'><strong>planelgno·</strong></span> 
     </span>
     <span class='ocr_line' id='line_1_26' title="bbox 134 3105 1253 3192; baseline -0.002 -20"><span class='ocrx_word' id='word_1_196' title='bbox 134 3128 261 3192; x_wconf 88' lang='lat' dir='ltr'><strong>ramus,</strong></span> <span class='ocrx_word' id='word_1_197' title='bbox 294 3108 329 3172; x_wconf 93' lang='lat' dir='ltr'><strong>id</strong></span> <span class='ocrx_word' id='word_1_198' title='bbox 350 3107 451 3172; x_wconf 91' lang='lat' dir='ltr'><strong>multo</strong></span> <span class='ocrx_word' id='word_1_199' title='bbox 473 3116 549 3171; x_wconf 89' lang='lat' dir='ltr'><strong>ante</strong></span> <span class='ocrx_word' id='word_1_200' title='bbox 571 3105 669 3171; x_wconf 88' lang='lat' dir='ltr'><strong>debet</strong></span> <span class='ocrx_word' id='word_1_201' title='bbox 698 3106 805 3190; x_wconf 89' lang='lat' dir='ltr'><strong>putari</strong></span> <span class='ocrx_word' id='word_1_202' title='bbox 824 3107 1005 3171; x_wconf 84' lang='lat' dir='ltr'><strong>rescissum</strong></span> <span class='ocrx_word' id='word_1_203' title='bbox 1027 3126 1123 3191; x_wconf 87' lang='lat' dir='ltr'><strong>esse,</strong></span> <span class='ocrx_word' id='word_1_204' title='bbox 1157 3116 1253 3191; x_wconf 83' lang='lat' dir='ltr'><strong>quam</strong></span> 
     </span>
     <span class='ocr_line' id='line_1_27' title="bbox 135 3210 1251 3298; baseline 0.002 -24"><span class='ocrx_word' id='word_1_205' title='bbox 135 3210 268 3275; x_wconf 86' lang='lat' dir='ltr'><strong>Homeri</strong></span> <span class='ocrx_word' id='word_1_206' title='bbox 287 3211 392 3297; x_wconf 81' lang='lat' dir='ltr'><strong>aliqua</strong></span> <span class='ocrx_word' id='word_1_207' title='bbox 416 3210 514 3275; x_wconf 92' lang='lat' dir='ltr'><strong>editio</strong></span> <span class='ocrx_word' id='word_1_208' title='bbox 537 3211 607 3276; x_wconf 90' lang='lat' dir='ltr'><strong>eius</strong></span> <span class='ocrx_word' id='word_1_209' title='bbox 629 3211 722 3275; x_wconf 87' lang='lat' dir='ltr'><strong>iussu</strong></span> <span class='ocrx_word' id='word_1_210' title='bbox 744 3219 777 3274; x_wconf 88' lang='lat' dir='ltr'><strong>et</strong></span> <span class='ocrx_word' id='word_1_211' title='bbox 800 3211 928 3275; x_wconf 86' lang='lat' dir='ltr'><strong>nomine</strong></span> <span class='ocrx_word' id='word_1_212' title='bbox 950 3210 1077 3298; x_wconf 81' lang='lat' dir='ltr'><strong>vulgari</strong></span> <span class='ocrx_word' id='word_1_213' title='bbox 1099 3211 1251 3298; x_wconf 75' lang='lat' dir='ltr'><strong>potuerit</strong></span> 
     </span>
     <span class='ocr_line' id='line_1_28' title="bbox 135 3313 1252 3400; baseline 0.001 -21"><span class='ocrx_word' id='word_1_214' title='bbox 135 3315 212 3398; x_wconf 88' lang='lat' dir='ltr'><strong>Sed,</strong></span> <span class='ocrx_word' id='word_1_215' title='bbox 232 3315 319 3400; x_wconf 91' lang='lat' dir='ltr'><strong>quod</strong></span> <span class='ocrx_word' id='word_1_216' title='bbox 338 3315 701 3400; x_wconf 74' lang='lat' dir='ltr'><strong>non‘praetereundnm,</strong></span> <span class='ocrx_word' id='word_1_217' title='bbox 724 3316 882 3381; x_wconf 86' lang='lat' dir='ltr'><strong>incertum</strong></span> <span class='ocrx_word' id='word_1_218' title='bbox 894 3315 1037 3400; x_wconf 90' lang='lat' dir='ltr'><strong>omnino,</strong></span> <span class='ocrx_word' id='word_1_219' title='bbox 1059 3336 1100 3380; x_wconf 87' lang='lat' dir='ltr'><strong>an</strong></span> <span class='ocrx_word' id='word_1_220' title='bbox 1116 3313 1252 3380; x_wconf 84' lang='lat' dir='ltr'><strong>Aeolica</strong></span> 
     </span>
     <span class='ocr_line' id='line_1_29' title="bbox 134 3408 1253 3505; baseline 0.002 -21"><span class='ocrx_word' id='word_1_221' title='bbox 134 3419 282 3505; x_wconf 88' lang='lat' dir='ltr'><strong>Odyssea</strong></span> <span class='ocrx_word' id='word_1_222' title='bbox 305 3440 378 3484; x_wconf 91' lang='lat' dir='ltr'><strong>cum</strong></span> <span class='ocrx_word' id='word_1_223' title='bbox 401 3418 539 3484; x_wconf 88' lang='lat' dir='ltr'><strong>Aeolide</strong></span> <span class='ocrx_word' id='word_1_224' title='bbox 567 3419 669 3483; x_wconf 78' lang='lat' dir='ltr'><strong>Asiae</strong></span> <span class='ocrx_word' id='word_1_225' title='bbox 690 3437 860 3484; x_wconf 91' lang='lat' dir='ltr'><strong>commune</strong></span> <span class='ocrx_word' id='word_1_226' title='bbox 893 3419 1068 3504; x_wconf 75' lang='lat' dir='ltr'><strong>quidquam</strong></span> <span class='ocrx_word' id='word_1_227' title='bbox 1094 3408 1253 3486; x_wconf 73' lang='lat' dir='ltr'><strong>habueris</strong></span> 
     </span>
     <span class='ocr_line' id='line_1_30' title="bbox 133 3520 1252 3617; baseline 0.001 -30"><span class='ocrx_word' id='word_1_228' title='bbox 133 3521 183 3587; x_wconf 89' lang='lat' dir='ltr'><strong>De</strong></span> <span class='ocrx_word' id='word_1_229' title='bbox 206 3524 400 3587; x_wconf 88' lang='lat' dir='ltr'><strong>continentis</strong></span> <span class='ocrx_word' id='word_1_230' title='bbox 423 3521 578 3587; x_wconf 87' lang='lat' dir='ltr'><strong>Graeciae</strong></span> <span class='ocrx_word' id='word_1_231' title='bbox 606 3520 762 3617; x_wconf 76' lang='lat' dir='ltr'><strong>Aeolide,</strong></span> <span class='ocrx_word' id='word_1_232' title='bbox 794 3542 877 3608; x_wconf 87' lang='lat' dir='ltr'><strong>quae</strong></span> <span class='ocrx_word' id='word_1_233' title='bbox 899 3521 987 3587; x_wconf 91' lang='lat' dir='ltr'><strong>nulla</strong></span> <span class='ocrx_word' id='word_1_234' title='bbox 1021 3520 1097 3606; x_wconf 82' lang='lat' dir='ltr'><strong>init,</strong></span> <span class='ocrx_word' id='word_1_235' title='bbox 1131 3529 1187 3587; x_wconf 85' lang='lat' dir='ltr'><strong>aut</strong></span> <span class='ocrx_word' id='word_1_236' title='bbox 1208 3521 1252 3588; x_wconf 87' lang='lat' dir='ltr'><strong>de</strong></span> 
     </span>
     <span class='ocr_line' id='line_1_31' title="bbox 133 3624 1251 3713; baseline -0.002 -22"><span class='ocrx_word' id='word_1_237' title='bbox 133 3628 267 3693; x_wconf 90' lang='lat' dir='ltr'><strong>Aeolica</strong></span> <span class='ocrx_word' id='word_1_238' title='bbox 290 3628 396 3713; x_wconf 89' lang='lat' dir='ltr'><strong>aliqua</strong></span> <span class='ocrx_word' id='word_1_239' title='bbox 421 3629 550 3692; x_wconf 89' lang='lat' dir='ltr'><strong>civitate</strong></span> <span class='ocrx_word' id='word_1_240' title='bbox 573 3627 671 3712; x_wconf 86' lang='lat' dir='ltr'><strong>etiam</strong></span> <span class='ocrx_word' id='word_1_241' title='bbox 692 3626 797 3690; x_wconf 87' lang='lat' dir='ltr'><strong>minus</strong></span> <span class='ocrx_word' id='word_1_242' title='bbox 821 3624 1035 3711; x_wconf 85' lang='lat' dir='ltr'><strong>cogitandum</strong></span> <span class='ocrx_word' id='word_1_243' title='bbox 1080 3624 1165 3709; x_wconf 82' lang='lat' dir='ltr'><strong>Quid</strong></span> <span class='ocrx_word' id='word_1_244' title='bbox 1191 3625 1251 3713; x_wconf 72' lang='lat' dir='ltr'><strong>igi·</strong></span> 
     </span>
     <span class='ocr_line' id='line_1_32' title="bbox 133 3728 1251 3814; baseline 0.002 -20"><span class='ocrx_word' id='word_1_245' title='bbox 133 3731 208 3795; x_wconf 78' lang='lat' dir='ltr'><strong>turl</strong></span> <span class='ocrx_word' id='word_1_246' title='bbox 251 3729 347 3796; x_wconf 92' lang='lat' dir='ltr'><strong>Haud</strong></span> <span class='ocrx_word' id='word_1_247' title='bbox 380 3731 508 3796; x_wconf 83' lang='lat' dir='ltr'><strong>videtur</strong></span> <span class='ocrx_word' id='word_1_248' title='bbox 539 3731 602 3795; x_wconf 92' lang='lat' dir='ltr'><strong>alia</strong></span> <span class='ocrx_word' id='word_1_249' title='bbox 635 3728 828 3813; x_wconf 87' lang='lat' dir='ltr'><strong>expediendi</strong></span> <span class='ocrx_word' id='word_1_250' title='bbox 860 3730 942 3795; x_wconf 90' lang='lat' dir='ltr'><strong>ratio</strong></span> <span class='ocrx_word' id='word_1_251' title='bbox 978 3728 1115 3795; x_wconf 86' lang='lat' dir='ltr'><strong>inveniri</strong></span> <span class='ocrx_word' id='word_1_252' title='bbox 1149 3748 1251 3814; x_wconf 81' lang='lat' dir='ltr'><strong>posse</strong></span> 
     </span>
     <span class='ocr_line' id='line_1_33' title="bbox 135 3832 1252 3920; baseline 0.003 -23"><span class='ocrx_word' id='word_1_253' title='bbox 135 3853 230 3916; x_wconf 86' lang='lat' dir='ltr'><strong>quam</strong></span> <span class='ocrx_word' id='word_1_254' title='bbox 253 3845 287 3898; x_wconf 92' lang='lat' dir='ltr'><strong>ut</strong></span> <span class='ocrx_word' id='word_1_255' title='bbox 308 3855 328 3900; x_wconf 91' lang='lat' dir='ltr'><strong>a</strong></span> <span class='ocrx_word' id='word_1_256' title='bbox 350 3837 512 3901; x_wconf 90' lang='lat' dir='ltr'><strong>sermonis</strong></span> <span class='ocrx_word' id='word_1_257' title='bbox 534 3835 732 3920; x_wconf 87' lang='lat' dir='ltr'><strong>proprietate</strong></span> <span class='ocrx_word' id='word_1_258' title='bbox 744 3833 926 3920; x_wconf 87' lang='lat' dir='ltr'><strong>Odysseam</strong></span> <span class='ocrx_word' id='word_1_259' title='bbox 949 3832 1142 3916; x_wconf 82' lang='lat' dir='ltr'><strong>appellatam</strong></span> <span class='ocrx_word' id='word_1_260' title='bbox 1165 3834 1252 3900; x_wconf 88' lang='lat' dir='ltr'><strong>dica·</strong></span> 
     </span>
     <span class='ocr_line' id='line_1_34' title="bbox 135 3936 1249 4023; baseline 0.005 -25"><span class='ocrx_word' id='word_1_261' title='bbox 135 3956 218 4020; x_wconf 86' lang='lat' dir='ltr'><strong>mus,</strong></span> <span class='ocrx_word' id='word_1_262' title='bbox 241 3938 380 4023; x_wconf 89' lang='lat' dir='ltr'><strong>quodsi</strong></span> <span class='ocrx_word' id='word_1_263' title='bbox 403 3939 646 4003; x_wconf 79' lang='lat' dir='ltr'><strong>confirmaretur</strong></span> <span class='ocrx_word' id='word_1_264' title='bbox 666 3938 817 4023; x_wconf 83' lang='lat' dir='ltr'><strong>exemplo</strong></span> <span class='ocrx_word' id='word_1_265' title='bbox 839 3936 994 4003; x_wconf 89' lang='lat' dir='ltr'><strong>Aeolicae</strong></span> <span class='ocrx_word' id='word_1_266' title='bbox 1023 3936 1130 4003; x_wconf 84' lang='lat' dir='ltr'><strong>llindis</strong></span> <span class='ocrx_word' id='word_1_267' title='bbox 1152 3937 1249 4023; x_wconf 90' lang='lat' dir='ltr'><strong>plane</strong></span> 
     </span>
     <span class='ocr_line' id='line_1_35' title="bbox 134 4039 1249 4128; baseline 0.003 -25"><span class='ocrx_word' id='word_1_268' title='bbox 134 4039 325 4124; x_wconf 84' lang='lat' dir='ltr'><strong>probarem:</strong></span> <span class='ocrx_word' id='word_1_269' title='bbox 358 4043 419 4109; x_wconf 87' lang='lat' dir='ltr'><strong>sed</strong></span> <span class='ocrx_word' id='word_1_270' title='bbox 452 4042 534 4110; x_wconf 89' lang='lat' dir='ltr'><strong>locis</strong></span> <span class='ocrx_word' id='word_1_271' title='bbox 569 4061 611 4108; x_wconf 90' lang='lat' dir='ltr'><strong>ex</strong></span> <span class='ocrx_word' id='word_1_272' title='bbox 644 4040 780 4106; x_wconf 91' lang='lat' dir='ltr'><strong>Aeolica</strong></span> <span class='ocrx_word' id='word_1_273' title='bbox 813 4042 965 4128; x_wconf 86' lang='lat' dir='ltr'><strong>Odyssea</strong></span> <span class='ocrx_word' id='word_1_274' title='bbox 998 4041 1136 4109; x_wconf 73' lang='lat' dir='ltr'><strong>semotis</strong></span> <span class='ocrx_word' id='word_1_275' title='bbox 1171 4039 1249 4109; x_wconf 88' lang='lat' dir='ltr'><strong>nihil</strong></span> 
     </span>
    </p>
   </div>
   <div class='ocr_carea' id='block_1_3' title="bbox 188 4260 919 4340">
    <p class='ocr_par' dir='ltr' id='par_1_5' title="bbox 188 4260 919 4340">
     <span class='ocr_line' id='line_1_36' title="bbox 188 4260 919 4340; baseline 0.01 -22"><span class='ocrx_word' id='word_1_276' title='bbox 188 4263 216 4337; x_wconf 86' lang='lat' dir='ltr'><strong>l)</strong></span> <span class='ocrx_word' id='word_1_277' title='bbox 234 4262 267 4323; x_wconf 84' lang='lat' dir='ltr'><strong>V.</strong></span> <span class='ocrx_word' id='word_1_278' title='bbox 287 4263 421 4323; x_wconf 84' lang='lat' dir='ltr'><strong>Tittmann</strong></span> <span class='ocrx_word' id='word_1_279' title='bbox 439 4265 486 4324; x_wconf 77' lang='lat' dir='ltr'><strong>Gr.</strong></span> <span class='ocrx_word' id='word_1_280' title='bbox 503 4260 796 4335; x_wconf 71' lang='lat' dir='ltr'><strong>sanaverassungen</strong></span> <span class='ocrx_word' id='word_1_281' title='bbox 818 4266 919 4340; x_wconf 69' lang='lat' dir='ltr'><strong>pm.</strong></span> 
     </span>
    </p>
   </div>
   <div class='ocr_carea' id='block_1_4' title="bbox 0 0 1456 4822">
    <p class='ocr_par' dir='ltr' id='par_1_6' title="bbox 0 0 1456 4822">
     <span class='ocr_line' id='line_1_37' title="bbox 0 0 1456 4822; baseline 0 0"><span class='ocrx_word' id='word_1_282' title='bbox 0 0 1456 4822; x_wconf 95' lang='lat' dir='ltr'><strong> </strong></span> 
     </span>
    </p>
   </div>
  </div>
 </body>
</html>
