2902 4822
745 445 820 520 118

228 637 375 706 ἅνασσεν“
399 635 444 720 [α,
468 634 564 721 252]·
585 635 664 704 ἀλλὰ
685 646 733 704 νῦν
755 635 807 720 μὲν
830 638 1001 717 βασιλεῦσαι
1021 631 1109 699 αὖτὸν
1128 635 1201 719 τρίς,
1224 631 1286 700 ἐκεῖ
1306 633 1341 701 tt

229 742 319 820 ἅπαξ,
342 743 446 822 βιῶναι
468 740 502 805 δὲ
525 738 574 806 ἐπὶ
587 743 685 831 τρίτην
700 738 814 824 γενεάν·
832 735 1093 823 περιγραφομὲνων
1110 731 1161 803 οὖν
1178 745 1237 803 τῶν
1252 747 1340 822 τριῶν

229 847 339 929 στίχων
361 843 398 908 τὰ
424 851 478 928 τῆς
502 846 630 919 διανοίας
660 841 806 929 χαριέντα.
851 841 944 907 Hanc
971 844 1070 928 igitur
1091 842 1340 925 discrepantiam

229 960 264 1014 ut
286 948 447 1029 tollerent,
471 959 563 1012 erant
585 950 640 1032 qui
662 959 728 1013 tres
752 935 858 1011 lliadis
880 967 1008 1028 versus,
1037 945 1219 1026 tao-252,
1243 945 1340 1011 obelo

229 1051 548 1116 circumscriberent:
571 1052 653 1117 haec
675 1053 761 1116 enim
782 1050 873 1114 verbi
895 1046 1132 1134 περιγράφεσθαι
1153 1050 1221 1126 vis;
1243 1049 1340 1113 huius

181 1164 185 1173 ‘
227 1166 335 1219 tamen
363 1156 537 1219 notationis
559 1176 625 1219 non
653 1157 688 1219 fit
710 1155 829 1226 mentio
857 1155 891 1218 in
912 1153 1131 1218 Aristarchiis.
1176 1150 1232 1214 Ad
1253 1150 1339 1215 idem

227 1279 331 1346 genus
355 1260 478 1323 criseos
501 1260 641 1323 fortasse
664 1261 823 1342 pertinent
845 1278 928 1342 quae
950 1258 992 1321 ad
1014 1256 1076 1322 od.
1097 1256 1127 1334 δ,
1150 1255 1232 1318 123:

381 1369 418 1448 τῇ
440 1355 466 1425 d
490 1357 540 1445 ἅμ’
560 1356 713 1449 Ἀδρήστη
736 1364 849 1446 κλισίην
873 1357 1008 1427 ideonum
1031 1361 1143 1443 ἔθηκαν
1166 1370 1227 1423 etc.

227 1467 435 1531 adnotantur:
469 1463 654 1549 Σημειωτέσν
684 1466 734 1533 καὶ
764 1465 832 1551 περὶ
852 1475 911 1531 τῶν
937 1470 1140 1550 θεραπαινῶν·
1171 1461 1260 1527 ἄλλαι
1287 1460 1340 1547 pir

225 1568 283 1655 γὰρ
306 1568 336 1635 ἐν
355 1565 468 1650 Ἰλιάδι,
491 1569 579 1635 ἄλλαι
613 1570 648 1635 δὲ
668 1579 730 1635 νῦν·
764 1568 878 1654 οὐγὰρ
901 1567 1048 1654 εὐπρεπὲς
1074 1566 1128 1641 τὰς
1157 1566 1339 1651 μετεχούσας

225 1681 279 1739 τοῦ
300 1673 509 1759 ἁμαρτήματος
536 1672 697 1759 ἐπιτρέπειν
720 1683 843 1739 συνεῖναι
869 1673 1045 1759 τῇγυναικί.
1091 1669 1175 1746 Τινὲς
1204 1669 1239 1737 δὲ
1259 1667 1338 1756 γρά-

227 1799 328 1859 φουσιν
351 1777 436 1863 ,,ἅμα
459 1780 573 1865 δραστῆ
602 1774 787 1862 [Ι.δρα1σιη]
812 1775 906 1842 οἱονεὶ
935 1775 1118 1860 θεραπαίνα..
1153 1773 1240 1840 Harl.
1263 1779 1339 1860 Τρι-

227 1877 386 1962 σαλλαὶβως
406 1882 441 1947 τὸ
460 1877 625 1966 Ἀδρήστη,
649 1881 692 1956 ὡς
701 1879 887 1966 Ἡρωδιανὸς
909 1874 1178 1964 καὶἈρίσταρχος,
1200 1892 1233 1944 et
1254 1881 1338 1947 inter

225 1985 344 2050 lineas:
367 1984 442 2059 τινὲς
463 1985 498 2050 δὲ
520 1982 645 2070 δράστη,
667 1983 754 2051 οἱονεὶ
773 1983 946 2069 θεράπαινα.

173 2072 177 2079 ’
312 2088 364 2153 De
393 2091 611 2174 grammaticis
643 2092 695 2173 iis,
728 2090 783 2174 qui
805 2091 933 2153 nomine
953 2095 1013 2152 τῶν
1038 2087 1227 2172 χωριζόντων
1249 2111 1337 2157 com·

225 2193 378 2276 prehensi
400 2195 543 2275 fuerunt,
567 2204 779 2277 posteaquem
802 2192 980 2256 Grauertus
1003 2193 1024 2256 l.
1046 2192 1067 2256 l.
1090 2195 1243 2277 ostendit,
1271 2194 1338 2261 Xe·

225 2314 343 2360 nonem
365 2306 398 2361 et
430 2296 641 2381 Hellanicum,
675 2296 856 2361 Aristarchi
877 2297 1040 2380 aequales,
1072 2297 1216 2383 intelligi,
1250 2297 1335 2365 nuth

224 2399 362 2484 amplius
374 2401 531 2466 dubitatio
544 2415 605 2484 est,
621 2412 719 2485 atque
739 2402 792 2485 qui
809 2403 880 2485 ipse
896 2400 972 2464 olim
989 2421 1062 2465 cum
1079 2398 1281 2484 Thierschio,
1297 2421 1336 2466 ca

225 2501 266 2565 de
289 2524 405 2568 caussa
428 2524 492 2569 non
515 2506 635 2587 semel,
658 2505 716 2569 scd
739 2507 854 2568 iterum
877 2505 993 2569 eodem
1013 2523 1097 2568 anno
1127 2503 1337 2571 aNitzsebio

224 2607 420 2690 castigatus,
450 2610 478 2688 ⁵)
518 2607 721 2673 Zenodotum
749 2628 809 2691 pro
838 2609 975 2674 Xenone
998 2605 1031 2693 ⁸)
1069 2608 1239 2692 amplexus
1276 2607 1335 2700 toi,

223 2728 310 2780 nunc
331 2709 480 2775 lubenter
502 2712 584 2776 cedo
607 2714 805 2798 argumentis
828 2733 845 2776 a
869 2711 1028 2777 Graucrto
1049 2713 1244 2796 propositis,
1267 2713 1337 2797 qui·

222 2811 286 2876 hus
308 2813 474 2880 firmandis
496 2817 576 2882 haec
597 2819 662 2881 duo
684 2817 817 2881 adiioio:
840 2817 976 2900 primum
1000 2816 1087 2900 quod
1107 2817 1258 2881 notandis
1274 2815 1336 2882 Ze·

224 2915 336 2980 nodoti
359 2922 559 3004 commentis,
592 2931 630 2984 ut
651 2942 736 2985 nuno
767 2930 905 3001 constat,
934 2919 1143 2985 Aristarchus
1168 2921 1335 3004 proprium

223 3019 350 3104 signum
373 3022 557 3107 adhibebat,
580 3044 646 3089 non
668 3025 787 3109 diplam
809 3044 933 3108 puram,
957 3043 1019 3108 qua
1042 3022 1071 3089 oi
1091 3022 1271 3107 χωρίζοντες
1291 3024 1335 3089 ab

221 3122 295 3215 ipso
318 3127 418 3189 notati
441 3136 527 3211 sunt,
550 3129 610 3192 sed
632 3139 817 3212 punctatam
823 3149 834 3210 3
858 3137 926 3191 tum
946 3127 1100 3193 credibile
1117 3146 1182 3191 nou
1197 3126 1333 3211 videtur,

273 3310 301 3378 h)
320 3311 406 3366 lubnii
433 3314 527 3370 Jahrb.
558 3319 633 3374 1831.
664 3317 725 3378 Vol.
752 3317 785 3371 ll.
808 3334 835 3388 p.
861 3319 878 3369 3
902 3323 930 3371 et
953 3315 1066 3388 Ephem.
1093 3317 1143 3384 litt.
1170 3315 1231 3378 Hal.
1259 3319 1340 3381 teat„

325 3394 421 3470 Suppl.
441 3402 485 3458 89.
504 3420 531 3474 p.
550 3406 611 3456 too.

271 3500 301 3570 6)
320 3499 475 3558 Genuinum
508 3524 570 3561 esse
603 3506 739 3561 Graecum
770 3522 869 3559 nomen
900 3507 1040 3578 proprium
1067 3505 1163 3576 Ξινών,
1199 3507 1273 3580 quod
1306 3506 1335 3561 iu

323 3592 510 3662 suspicionem
528 3593 634 3660 incidit,
652 3601 784 3649 testantur
803 3593 929 3664 exempla
953 3600 1016 3664 post
1034 3593 1195 3649 Grauertum
1215 3613 1229 3650 a
1249 3594 1334 3666 Papio

258 3678 263 3687 '
324 3677 454 3744 exhibita,
481 3679 582 3751 quibus
606 3680 740 3735 addantur
764 3683 864 3736 Cicero
883 3682 903 3735 ll
930 3680 1009 3738 Verr.
1031 3682 1076 3747 lli,
1098 3687 1129 3735 11
1151 3690 1179 3737 et
1196 3687 1238 3738 11.
1275 3680 1336 3737 lla·

322 3764 432 3820 crebius
451 3764 509 3820 Sat.
529 3767 549 3832 l,
567 3770 592 3820 9.
610 3785 638 3839 ρ.
653 3769 710 3822 186.
726 3766 801 3821 Ροιιι.
823 3765 879 3820 Sed
899 3783 982 3839 quum
1000 3768 1135 3841 proclivis
1154 3780 1233 3823 error
1251 3767 1334 3823 libra·

320 3853 423 3906 riorum
450 3854 487 3907 sit
509 3852 650 3907 Zenonem
674 3855 702 3907 iu
726 3853 870 3909 Xenonem
894 3857 1031 3922 mutandi,
1053 3873 1135 3927 quem
1159 3857 1263 3912 erravit
1287 3855 1334 3926 qni

321 3938 401 3994 Xeno
420 3940 530 4010 scripsit
554 3940 583 3994 in
601 3939 744 3996 Frontonis
762 3941 846 4014 Epist.
866 3961 890 4015 p.
911 3947 958 3996 171
979 3943 1022 4000 ed.
1041 3941 1135 4008 Rom„
1158 3951 1219 3998 utar
1236 3952 1336 3999 aucto·

320 4025 399 4078 ritate
418 4022 538 4095 lapidum
555 4025 761 4100 inscriptorum,
780 4029 847 4083 illud
866 4047 963 4084 nomen
984 4031 1086 4102 passim
1107 4029 1334 4084 confirmantium.

320 4110 353 4164 V.
377 4109 460 4182 Corp.
484 4111 569 4164 inser.
595 4109 644 4168 Nr.
673 4115 749 4168 taso.
785 4099 878 4168 Rossii
897 4114 982 4171 lnscr.
1003 4114 1021 4170 Ι.
1047 4133 1074 4186 ρ.
1093 4117 1136 4168 23.
1169 4111 1333 4169 lincol-Ro-

322 4197 412 4250 chettc
431 4197 511 4252 lettre
530 4198 609 4252 hhlr.
622 4198 761 4256 Wclelrer
779 4216 827 4255 sur
844 4202 979 4273 quelques
995 4203 1171 4273 inscriptions
1189 4201 1334 4274 Grecques

320 4283 356 4340 de
373 4284 401 4340 la
418 4281 506 4341 sieite
523 4304 550 4360 p.
569 4290 612 4347 ti.
632 4294 672 4344 17.
706 4288 775 4345 Rev.
793 4289 828 4345 de
846 4289 996 4364 philologis
1014 4289 1047 4351 Τ.
1065 4291 1085 4348 l.
1104 4309 1130 4365 p.
1148 4294 1210 4346 ⁸51.
