2902 4822
678 404 755 483 190

164 598 358 686 pauperiori<
380 600 540 686 antiquos,
564 618 647 686 quos
670 598 802 662 eosdem
815 615 900 680 esse,
923 597 977 682 qui
990 592 1274 691 suprariruripap-

164 701 411 789 innocentulam,
434 703 487 767 vel
509 705 604 768 etiam
627 702 764 786 simplici
785 707 838 767 τοῦ
855 698 1060 784 inopinitate<
1082 700 1212 765 nomine
1232 698 1274 765 ud

164 820 307 872 nostram
338 808 482 871 notitiam
504 817 732 889 pervenerunt,
768 802 890 867 nullum
921 815 971 866 est
993 802 1134 868 dubium.
1178 798 1222 867 Ut
1242 802 1275 867 hi

164 913 227 975 iam
249 911 345 975 iidem
379 911 460 993 sint,
491 929 574 993 quos
604 906 762 994 Didymus
784 915 842 972 τῶν
866 904 1123 990 ὑπομνηματιστῶν
1146 906 1276 971 numne

164 1012 285 1097 laudat,
308 1026 415 1078 tamen
437 1012 512 1076 inde
534 1032 598 1076 non
627 1012 848 1096 consequitur,
876 1020 911 1074 ut
933 1020 1221 1075 commentatorum
1241 1010 1275 1075 iu

165 1115 304 1183 Scholiis
327 1125 649 1180 commemoratorum
673 1116 803 1180 notitiae
824 1134 867 1177 ex
889 1110 1004 1179 horum
1025 1114 1173 1198 ipsorum
1187 1132 1275 1179 uom-

165 1220 329 1284 mentariis
348 1216 561 1284 aScholiasta
581 1217 705 1284 laudari
722 1238 933 1283 censeamus:
956 1217 1054 1281 immo
1076 1214 1276 1300 probabilius

165 1341 264 1386 exre
293 1323 365 1406 ipsa
393 1323 521 1388 videtur
543 1323 584 1387 ita
607 1331 761 1405 statuere,
794 1330 941 1405 sumptas
967 1338 1024 1384 eas
1051 1318 1277 1385 adnotationes

84 1437 91 1445 ·
164 1447 239 1491 esse
262 1446 303 1488 ex
327 1424 455 1511 Didymi
477 1444 591 1510 opere,
614 1445 770 1490 unacum
792 1425 874 1508 ipsa,
898 1443 961 1508 qua
983 1421 1069 1505 apud
1089 1423 1176 1489 huno
1197 1424 1277 1491 ciu-

164 1541 215 1593 tae
238 1540 322 1612 sunt,
346 1529 573 1613 appellatione,
595 1530 638 1592 ita
663 1538 696 1592 ut
719 1528 814 1591 etiarn
836 1527 974 1610 simplici
994 1532 1048 1590 τοῦ
1069 1523 1278 1611 numadum

165 1635 293 1697 nomine
315 1652 379 1696 non
402 1643 466 1696 tam
488 1634 560 1716 ipse
583 1632 712 1716 Didymi
734 1630 983 1695 commentarius
1005 1649 1101 1713 quam
1123 1648 1210 1715 qnae
1235 1648 1279 1695 ea

166 1748 315 1801 contenta
339 1745 449 1801 essent
472 1735 650 1821 significata
672 1734 858 1799 videantur«
896 1730 987 1796 Haec
1013 1733 1043 1797 si
1064 1733 1108 1797 ita
1127 1744 1216 1816 sunt,
1238 1750 1279 1799 sa

165 1851 352 1903 tamennon
373 1838 543 1923 prohibent
564 1839 734 1923 quominus
756 1835 908 1901 nonnulla
927 1833 1127 1902 scholiastes
1146 1836 1278 1903 aliunde

166 1961 295 2027 quoque
328 1942 503 2026 arripuisse
526 1943 760 2007 existimemus:
798 1940 883 2025 quud
913 1959 1029 2003 revera
1058 1939 1180 2005 sactum
1200 1958 1278 2005 essu

165 2047 352 2130 coarguitur
374 2066 415 2109 ex
437 2046 643 2110 adnotatione
666 2044 745 2109 Oed.
770 2042 840 2108 Col.
862 2043 927 2107 237
935 2064 943 2107 z
967 2038 994 2107 ὦ
1015 2039 1093 2118 εὖνοι
1126 2038 1279 2130 culpm-

52 2138 57 2149 ’
163 2172 220 2228 νες,
245 2150 299 2212 uhi
328 2160 499 2233 postquam
523 2148 642 2213 dictum
674 2158 740 2212 est:
768 2146 803 2211 τὸ
833 2153 887 2231 τῆς
916 2138 1085 2233 Ἀντιγόνης
1113 2143 1279 2232 opicum

166 2247 234 2317 ὅλον
264 2249 316 2316 καὶ
347 2254 398 2317 τοῦ
431 2257 527 2335 χοροῦ
559 2249 593 2313 τὸ
623 2245 809 2335 τετράοτιχον
843 2245 1028 2314 admodum·
1059 2257 1189 2333 κρεῖττον
1218 2245 1280 2335 γάρ

165 2376 238 2437 φασι
261 2351 535 2439 [ὑπομνηματισταί,
557 2363 591 2417 ut
614 2351 755 2438 videtur]
770 2398 777 2415 .
791 2400 820 2420 ..
842 2354 904 2418 sub
933 2352 1055 2419 calcem
1076 2352 1200 2419 Scholii
1221 2352 1279 2419 ad·

165 2460 299 2522 duntur:
334 2453 420 2522 οὐδὲν
449 2455 483 2521 δὲ
518 2455 548 2520 ἐν
580 2464 641 2530 τοῖς
668 2456 794 2542 Διδύμου
823 2456 933 2522 τούτων
964 2452 1116 2539 &Rettulit
1144 2453 1280 2542 sipopm.

164 2562 215 2627 De
238 2582 303 2648 quo
334 2562 408 2626 loco
431 2564 463 2626 in
495 2573 664 2645 utramque
693 2573 817 2645 partem
848 2573 957 2646 potest
980 2562 1147 2645 disputari,
1177 2580 1279 2647 quum

164 2664 250 2729 illius
282 2661 454 2749 ἆθετήσεως
485 2675 637 2730 auctores
671 2678 843 2749 quaeratur
880 2687 956 2731 num
985 2665 1126 2751 Didymo
1163 2665 1279 2731 intelli·

165 2767 262 2853 gendi
284 2770 348 2832 sint
371 2779 476 2832 aetate
498 2768 624 2851 priores
647 2779 696 2833 an'
709 2770 922 2853 posteriores,
945 2771 990 2833 ita
1012 2780 1048 2834 nt
1069 2768 1132 2834 hoc
1154 2771 1279 2855 etpro-

166 2870 289 2954 bemus,
313 2871 451 2954 illorum,
475 2872 530 2956 qui
549 2871 658 2936 locum
674 2874 819 2956 spurium
840 2874 1034 2956 censuerint,
1053 2874 1279 2955 auctoritatem

164 2974 293 3039 silentio
316 2976 521 3059 superiorum
543 2976 726 3041 criticorum
750 2975 879 3041 elevare
904 2975 1088 3042 Scholiasta
1111 2978 1276 3061 potandis

164 3078 216 3143 sit.
249 3078 293 3141 At
316 3079 410 3143 unice
431 3099 520 3162 vcra,
542 3078 667 3143 Rittcro
687 3080 763 3144 licet
783 3081 876 3145 aliter
893 3081 1062 3164 sentiente,
1082 3081 1173 3164 prior
1182 3082 1278 3167 ratio,

167 3180 427 3267 quandoquidem
447 3180 553 3247 nullos
576 3184 725 3248 novimus
749 3185 879 3249 criticos
903 3184 1042 3269 Didymo
1064 3185 1277 3269 posteriores,

169 3304 252 3369 quos
272 3283 358 3347 illam
374 3280 511 3368 ἀθέτησιν
524 3288 711 3351 exercuisse
734 3287 886 3352 credibile
909 3289 960 3352 sit.
991 3286 1277 3355 Grammaticorum

165 3388 249 3451 enim
265 3388 319 3471 qui
338 3398 412 3470 post
425 3387 600 3472 Didymum
613 3387 766 3474 Sophocli
779 3392 947 3456 tractando
969 3392 1123 3476 vacarint,
1147 3404 1279 3476 practer

167 3489 383 3555 Herodianum
406 3511 471 3555 uno
495 3491 568 3556 loco
592 3493 671 3557 Oed.
695 3494 763 3559 Col.
787 3496 850 3558 195
871 3494 1046 3577 laudatum,
1079 3516 1177 3580 quem
1197 3517 1219 3561 a
1240 3516 1278 3563 rc

166 3593 306 3658 alienum
337 3614 411 3658 cum
442 3593 666 3661 Graefenhano
696 3619 728 3681 p.
765 3599 848 3662 1140
878 3599 987 3682 mitto,
1021 3598 1114 3667 solus
1143 3599 1224 3667 Pius
1244 3600 1278 3667 in

166 3695 306 3762 Scholiis
330 3707 537 3783 memoratur,
560 3720 665 3784 neque
688 3701 816 3766 aliunde
839 3702 880 3765 de
903 3702 973 3767 aliis
996 3704 1067 3768 eius
1088 3705 1162 3770 aevi
1179 3705 1277 3771 inter·

165 3799 310 3885 pretibus
332 3798 506 3883 Sophoclis
530 3805 700 3888 quicquam
730 3818 930 3889 compertum
953 3819 1014 3891 est,
1048 3827 1148 3893 quum
1169 3819 1278 3875 tumen

166 3902 276 3986 plures
300 3923 365 3966 nno
379 3901 594 3971 Scholiastam
617 3907 649 3969 in
672 3918 778 3971 mente
801 3909 965 3993 habuisse,
987 3910 1065 3976 illud
1086 3913 1278 3998 ipsumpcm

164 4007 323 4073 ostendat.
355 4006 453 4072 Adde
469 4009 556 4094 qnod
572 4010 600 4074 si
617 4006 756 4096 ἀθέτησις
773 4011 826 4076 illa
848 4033 867 4076 a
885 4012 946 4078 Pio
962 4015 989 4096 ²)
1014 4017 1161 4100 prolecta
1175 4026 1277 4098 essu,

216 4161 245 4230 2)
264 4160 306 4215 De
332 4160 386 4215 hoc
405 4162 581 4231 grammatico
604 4160 672 4216 nihil
688 4162 776 4235 liquet
800 4166 854 4220 nisi
874 4165 946 4238 quod
972 4170 1045 4223 etin
1072 4166 1185 4224 lliadem
1203 4174 1232 4224 et
1247 4166 1277 4224 ln

269 4246 425 4323 Odyssean
449 4253 658 4308 counientarics
681 4254 833 4319 scripsisse
856 4254 982 4324 traditur,
1008 4255 1038 4310 id
1055 4255 1202 4330 qucdlm
1218 4254 1278 4315 luc·
