2902 4822
621 538 629 551 ,
691 445 762 520 121

174 639 251 725 πρὸς
271 639 306 704 τὸ
330 635 548 722 σημαινόμενον,
571 632 615 699 ὅτι
632 629 776 708 Ἀττικῶς
798 633 976 724 ἐξενήνοχεν,
999 634 1055 703 οὐκ
1077 640 1202 722 ἔφευγον
1233 638 1281 707 ἐπὶ

173 751 250 817 ναῦς
294 743 405 807 Schol.
433 743 552 825 Odyss.
584 762 611 821 γ,
643 741 720 803 151:
755 737 774 823 ἢ
803 737 859 803 οὐκ
877 737 1009 824 Ἄργεος
1037 739 1088 827 ἦεν
1114 738 1279 827 Ἀχαϊκοῦ]

170 841 315 920 Ἀττικῶς
336 841 397 910 κατ’
421 847 558 928 ἔλλειψιν,
581 841 610 907 ἐν
632 851 678 928 τῷ
698 841 782 928 τόπῳ
811 841 1016 926 τοῦἊργοος.
1062 844 1111 908 Ex
1138 847 1280 910 innume·
1342 857 1345 864 ’

173 952 217 1016 ris
240 951 520 1035 grammaticorum
543 949 625 1013 loeis
648 948 763 1011 addam
786 968 884 1010 unum
899 946 1015 1011 Schol.
1039 949 1074 1013 E.
1109 949 1228 1036 Odyss.
1251 951 1280 1029 β,

173 1057 246 1138 404,
269 1057 396 1139 quicum
419 1055 495 1117 facit
507 1052 596 1116 Harl.
619 1073 670 1135 op.
694 1051 799 1115 Crem.
814 1051 938 1114 Anecd.
949 1050 1023 1114 Par.
1038 1051 1073 1116 Τ.
1086 1053 1140 1118 111.
1161 1075 1193 1136 p.
1205 1055 1279 1118 431.

262 1161 296 1240 6)
319 1156 396 1243 πρὸς
416 1156 467 1241 τὴν
496 1155 666 1239 πολόσιγμον
694 1153 778 1230 λέξιν.
822 1155 927 1220 Prima
955 1158 1036 1221 haec
1064 1158 1155 1222 vocis
1183 1155 1280 1222 πολό-

173 1285 266 1346 σημος
288 1261 475 1341 auctoritas,
511 1279 593 1341 quae
616 1259 721 1322 adhuc
744 1260 881 1342 produci
903 1262 1017 1343 potuit.
1062 1260 1097 1324 ln
1124 1260 1280 1342 Stephani

171 1367 338 1432 Thesauro
367 1363 500 1427 Parisiis
530 1364 647 1426 iterum
677 1364 763 1427 edito
797 1365 984 1429 adverbium
1017 1385 1081 1429 uno
1105 1365 1279 1431 Clementis

172 1470 267 1533 Alex.
291 1467 472 1532 testimonio
496 1477 527 1530 et
550 1467 612 1531 hoo
634 1467 720 1530 houd
740 1467 834 1550 plane
855 1479 924 1531 tuto
947 1468 1103 1531 firmatum
1126 1477 1184 1532 est.
1229 1467 1279 1530 De

171 1573 262 1635 vocis
285 1571 519 1655 significatione
543 1591 641 1653 quum
665 1568 784 1634 nullum
806 1571 937 1634 dubium
958 1572 1010 1652 sit,
1035 1570 1167 1654 intelligi
1182 1568 1279 1635 πολύ-

171 1695 265 1756 σιγμος
297 1669 374 1746 λέξις
396 1692 437 1735 ex
467 1684 573 1735 mente
596 1673 781 1736 criticorum
804 1673 930 1737 videtur
957 1694 1006 1757 00,
1041 1694 1124 1758 quae
1146 1683 1280 1756 propter

169 1779 358 1842 varietatem
381 1777 624 1861 significationis
647 1779 736 1840 vario
759 1778 856 1841 modo
879 1780 984 1862 accipi
1000 1780 1141 1862 potuerit
1156 1789 1188 1841 et
1208 1779 1278 1860 ipsu

169 1882 213 1945 1ῑο
241 1881 381 1964 ambigui
413 1882 509 1944 fuerit
538 1882 730 1946 intellectus
776 1883 879 1964 Quale
909 1893 960 1947 cst
988 1881 1119 1969 ἀγήνωρ,
1149 1884 1278 1967 dequo

123 1991 124 1995 ’
169 1984 279 2050 Schol.
302 1985 341 2048 ad
365 1985 452 2048 lliad.
477 2007 496 2064 ι,
518 1986 597 2049 699:
627 1985 647 2070 ἡ
678 1988 766 2071 διπλῆ
791 1983 835 2050 ὅτι
856 1985 947 2053 ἐνίοτε
975 1987 1026 2072 μὲν
1049 1985 1097 2053 ἐπὶ
1119 1984 1278 2052 ἐπαίνοοὸ
1335 2010 1339 2012 ·

170 2086 302 2173 ἀγήγωρ,
327 2085 343 2152 ὁ
368 2088 439 2169 ἄγαν
461 2095 498 2174 τῇ
520 2086 628 2174 ι’γνορέφ
650 2087 701 2153 καὶ
721 2096 759 2175 τῇ
781 2086 902 2174 ἀνδρείᾳ
924 2088 1089 2174 χρώμενος,
1110 2096 1158 2154 νῦν
1182 2090 1215 2152 δε
1231 2085 1280 2152 ἐπὶ

171 2189 316 2278 ψόγοο,ὁ
348 2192 419 2274 ἄγαν
443 2191 608 2276 ὑβριστικὸς
630 2191 680 2257 καὶ
711 2191 760 2258 διὰ
789 2201 842 2278 τῆς
872 2190 1008 2278 ἀνδρείας
1037 2190 1280 2278 ὁπερπεπτωκὼς

169 2295 210 2373 εἷς
232 2298 320 2384 ὕβριν.
366 2296 426 2360 Vel
448 2295 641 2381 ὑπερφίαλος,
665 2298 706 2360 de
729 2318 794 2382 quo
817 2297 926 2361 Schol.
949 2299 991 2361 ad
1014 2321 1041 2378 0,
1064 2300 1123 2362 94:
1146 2297 1166 2381 ἡ
1190 2298 1278 2381 διπλῆ

169 2398 212 2467 ότι
242 2402 277 2466 τὸ
312 2402 493 2485 ὑπερφίαλος
521 2408 570 2466 νῦν
592 2400 644 2484 μὲν
674 2397 722 2464 ἐπὶ
746 2398 851 2484 ψόγου,
875 2398 1093 2484 ὑπέρσπονδος·
1126 2396 1156 2463 ἐν
1177 2399 1279 2473 ἄλλοις

168 2502 202 2567 δὲ
222 2489 254 2568 ἓν
276 2501 355 2577 τόξει
378 2500 534 2587 ἐγκωμίοο.
580 2503 642 2567 Vel
665 2513 786 2585 στυγεῖν,
822 2505 862 2568 (10
885 2524 950 2588 quo
981 2504 1082 2567 verbo
1113 2524 1143 2565 v.
1167 2500 1278 2568 Sehol.

167 2607 253 2674 lliad.
278 2632 305 2690 ο,
330 2609 400 2672 183.
446 2607 547 2674 Cuius
581 2610 755 2674 verborum
780 2610 895 2674 classis
926 2611 1090 2672 innumera
1120 2607 1180 2672 0110
1203 2619 1279 2672 sunt

167 2712 324 2794 exempla,
357 2711 495 2795 petenda
528 2713 621 2777 facile
650 2733 691 2776 ex
724 2714 764 2776 iis
798 2733 881 2796 quae
915 2712 1098 2797 composuit
1123 2711 1277 2775 Lehrsius

166 2815 265 2880 Arist.
287 2837 317 2898 p.
342 2818 414 2880 148.
437 2837 486 2900 ειγ.
510 2839 605 2901 quem
629 2819 725 2883 etiam
748 2819 859 2882 confer
881 2841 912 2902 p.
940 2821 1010 2884 158.

170 2903 172 2907 ’
251 2917 423 2981 Adduntur
435 2938 476 2980 cx
493 2939 556 2982 usu
574 2920 883 3005 glossographorum
896 2921 1142 2986 Homericorum
1153 2918 1276 2994 Aneed.

165 3016 255 3081 Rom.
280 3040 349 3102 cap.
372 3021 404 3103 1,
427 3023 503 3084 item
526 3023 716 3087 Aristarcho
739 3026 947 3091 vindicanda:

249 3125 284 3203 7)
308 3123 385 3208 πρὸς
406 3122 444 3190 τὰ
479 3123 591 3192 ἐναντία
623 3125 673 3192 καὶ
695 3126 858 3213 μαχόμενα,
888 3133 1078 3214 praesertim
1106 3131 1162 3194 ubi
1183 3130 1276 3195 locus

166 3226 196 3288 iu
218 3225 485 3310 disceptationem
508 3251 526 3293 0
550 3231 670 3295 criticis
693 3233 853 3297 adductus
876 3246 981 3317 esset,
1011 3255 1094 3319 quae
1117 3235 1276 3299 dissidere
1353 3317 1355 3321 ,

164 3351 275 3395 seeum
298 3332 499 3415 viderentur,
533 3335 713 3401 dissolvere
738 3339 958 3422 studentibus,
991 3341 1092 3405 veluti
1123 3334 1212 3406 lliads
1244 3365 1276 3425 χ,

164 3435 236 3518 202,
260 3436 314 3499 ubi
338 3436 447 3501 Schol.
470 3437 511 3502 A.
540 3439 560 3523 ἡ
584 3441 672 3527 διπλῆ
695 3443 772 3528 πρὸς
793 3443 827 3508 τό
846 3443 1030 3528 ζητούμενον,
1053 3454 1120 3520 πῶς
1139 3444 1275 3512 ὑποδώ-

163 3559 218 3620 κιγς
232 3534 267 3601 oi>
287 3535 502 3623 καταλαμβάνει
520 3539 727 3629 τὸνἜκτορα;
750 3543 858 3612 λέλυκε
880 3546 914 3610 δὲ
938 3545 1009 3611 αὐτὸ
1034 3545 1050 3612 ὁ
1074 3549 1207 3633 ποιητής,
1232 3546 1277 3614 ότι

163 3637 219 3704 ὑπὸ
246 3633 441 3717 ’Λπόλλωνος
473 3640 637 3728 ἐβοηδεῖτο.
682 3648 777 3712 Adde
813 3672 842 3728 κ,
872 3651 946 3717 252.
982 3651 1056 3713 372.
1090 3673 1118 3733 ρ,
1154 3651 1227 3732 125,
1256 3673 1275 3715 0

162 3738 297 3805 Lehrsio
319 3744 417 3808 Arist.
439 3738 470 3829 p.
497 3748 537 3810 17
559 3748 761 3812 illustratum.
808 3749 928 3835 Odyss.
951 3753 979 3831 β,
1004 3752 1057 3832 89,
1088 3751 1142 3813 ubi
1165 3749 1275 3817 Schol.

163 3841 248 3912 Harl.
281 3846 376 3928 apud.
412 3847 517 3915 Crem.
547 3851 672 3914 Aneod.
701 3849 804 3916 Paris,
834 3851 872 3918 Τ.
895 3853 945 3917 111.
977 3876 1009 3936 p.
1033 3855 1112 3917 429:
1145 3846 1274 3936 τοίχαδ
1339 3883 1344 3888 -

162 3942 220 4010 εἶσι
248 3945 399 4034 τέταρτον]
434 3948 472 4016 Ἦ
500 3956 588 4039 διπλῆ
616 3954 694 4039 πρὸς
720 3954 754 4019 τό
778 3951 836 4020 εἶσι
858 3951 966 4022 δοκοῦν
986 3953 1060 4022 εἶναι
1082 3954 1275 4042 ἀσύμφωνον·
1392 3961 1397 3969 '

162 4047 274 4134 λέγεται
297 4052 340 4128 ὡς
368 4055 462 4140 τρίτον
493 4059 560 4133 ἔτος
581 4057 632 4142 μὲν
655 4061 749 4142 {tute
772 4057 871 4145 δόλῳ·
906 4055 970 4125 ἀλλ’
999 4057 1049 4126 ὅτε
1078 4061 1115 4146 δὴ
1139 4058 1274 4146 τέταρτον

161 4151 250 4239 ἦλθεν
272 4157 356 4232 ἔτος·
379 4160 425 4225 διὸ
448 4162 500 4228 καί
520 4187 592 4237 τινες
610 4165 814 4247 μετεποίησαν,
838 4162 882 4239 ὡς
899 4162 991 4241 διέτες
1010 4165 1061 4251 μὲν
1073 4167 1167 4250 ἔληθε
1179 4164 1273 4252 δόλῳ,

162 4255 209 4325 ὅτε
239 4261 277 4346 δὴ
306 4262 399 4347 τρίτον
423 4263 514 4354 ἧλδεν
546 4268 631 4345 ἔτος·
661 4265 747 4360 οὐδὲν
778 4267 813 4339 δὲ
835 4266 958 4358 ἐναντίον
986 4268 1110 4358 ἔχειτὰ
1131 4271 1208 4354 ἔπη·
1238 4269 1273 4333 τό
