2902 4822
739 442 846 530 208.

226 633 338 721 νροίτης
360 633 448 702 αὐτὸν
478 633 578 721 ἐρωτᾷ
598 632 648 698 τὸν
671 632 789 716 Τίμαιον
812 628 888 696 ὅπου
910 627 981 696 ποτὲ
1004 628 1050 714 εἴη
1073 627 1091 696 ὁ
1112 627 1262 717 τέταρτος,
1284 627 1363 699 καὶ.

227 737 337 815 ἐκεῖνος
371 726 415 813 b<
449 736 518 824 περὶ
550 735 715 821 ἐπιτηδείου
749 735 827 818 τινὸς
862 731 1063 817 ἀπολογεῖται,
1106 735 1158 820 τὴν
1191 733 1338 803 ἀπουσίαν

227 839 384 926 ἀναγκαίαν
407 840 457 907 οιαὶ
479 839 641 925 ἀβούλητον
664 840 783 914 δεικνύς.

312 946 485 1011 lncidimus
517 948 581 1010 iam
610 965 684 1010 eum
713 947 745 1008 in
775 943 900 1026 locum,
932 962 973 1006 ex
1003 961 1067 1026 quo
1090 945 1196 1008 omnis
1225 955 1337 1009 nostra

227 1051 412 1115 coniectura
447 1050 487 1112 de
520 1049 637 1113 notatis
671 1048 898 1121 Demosthenis
935 1045 1174 1129 exemplaribus
1207 1046 1338 1130 pendet.

227 1153 294 1217 Sed
328 1163 421 1216 antea
454 1152 495 1215 de
528 1150 664 1215 Platone
698 1150 882 1231 dicendum,
916 1151 1009 1214 cuius
1042 1170 1140 1234 quum
1175 1150 1337 1216 Atticiana

228 1256 417 1342 antigrapha
448 1257 613 1320 exstitisse
644 1255 796 1334 sciamus,
831 1273 913 1337 quae
936 1250 999 1316 don
1030 1264 1167 1337 possunt
1189 1273 1255 1319 non
1277 1257 1340 1320 orl·

227 1362 290 1425 tica
313 1379 409 1422 manu
431 1359 577 1423 confecta
606 1376 700 1440 esse,
731 1366 895 1439 repertum
928 1367 977 1422 est
1007 1357 1093 1440 apud
1123 1355 1338 1423 Scholiastam

201 1466 298 1527 'eius
332 1481 451 1544 operae
486 1463 616 1526 criticae
651 1459 834 1543 exernplum
867 1459 1084 1542 luculentum,
1118 1479 1183 1544 quo
1217 1460 1338 1546 aliquid

228 1565 404 1630 adnotasse
427 1565 556 1629 Atticus
579 1563 704 1646 dicitur,
737 1584 832 1647 quem
855 1583 949 1626 nemo
980 1565 1041 1627 erit
1063 1565 1118 1647 qui
1140 1563 1181 1628 ab
1203 1577 1347 1650 anctore,

227 1669 462 1734 Atticianorum
491 1668 753 1751 antigraphorum
788 1666 926 1731 alienum
957 1677 1101 1731 censeat
1145 1666 1208 1731 lam
1234 1666 1338 1754 'quum

228 1771 327 1835 verba
351 1769 432 1834 ἔοικα
453 1766 510 1852 γὰρ
534 1781 595 1833 etc.
619 1789 723 1852 usque
751 1768 909 1832 adfinem
934 1770 1102 1834 manifeste
1130 1760 1240 1836 Procli
1260 1773 1338 1854 sint,

229 1864 380 1958 superest
412 1872 491 1935 illud
531 1869 763 1955 ἐπισημαίνεται,
807 1871 894 1955 qnod
928 1873 1110 1936 recordanti
1145 1892 1229 1956 quae
1266 1875 1339 1940 cius

229 1979 320 2043 verbi
350 1977 391 2040 de
417 1985 576 2059 potestate
609 1996 708 2058 supra
739 1983 767 2049 ς.
797 1976 849 2039 58.
880 1978 1026 2059 exposita
1057 1984 1149 2058 sunt,
1179 1976 1340 2042 videbitur

231 2101 294 2145 non
318 2081 408 2144 aliter
431 2099 525 2162 quam
549 2078 590 2141 de
616 2079 710 2162 signo
738 2078 893 2162 quodam,
927 2078 1014 2162 quod
1042 2079 1082 2142 ad
1106 2079 1340 2165 designandum

230 2183 351 2269 aliquid
374 2181 514 2246 notabile
537 2180 664 2245 Atticus
687 2183 885 2264 apposuerit,
908 2183 1010 2264 accipi
1029 2202 1138 2266 posse.
1174 2182 1260 2248 Nihil
1276 2183 1341 2248 hon

172 2292 175 2301 '
230 2290 355 2369 mirum,
369 2286 430 2349 etsi
448 2305 522 2348 num
542 2284 581 2347 de
601 2283 697 2367 diple,
720 2305 759 2347 an
773 2285 814 2349 de
834 2284 897 2348 alio
909 2303 1070 2368 quoquam
1085 2287 1179 2368 signo
1195 2288 1342 2372 cogitan-

231 2392 305 2455 dum
319 2391 371 2472 sit,
388 2391 622 2470 incompertum
638 2398 771 2450 maneat.
802 2384 889 2450 Satis
905 2398 956 2450 est
974 2399 1123 2475 constare
1142 2388 1183 2452 de
1195 2386 1340 2454 Platonis

231 2495 360 2577 scriptis
384 2492 519 2555 notatis:
547 2509 620 2552 nam
642 2489 743 2553 semel
766 2489 826 2554 bac
849 2489 1020 2553 adnotandi
1049 2492 1172 2556 ratione
1195 2492 1339 2557 Atticum

229 2617 323 2661 usum
346 2596 459 2667 luisse,
483 2611 577 2655 uerno
608 2613 707 2656 sanus
737 2592 917 2656 crediderit.
963 2592 1052 2657 llaec
1079 2613 1158 2659 vero
1186 2596 1337 2679 sirecte,

229 2709 264 2762 ut
286 2699 417 2781 opinor,
453 2695 588 2776 habent,
624 2696 718 2760 simul
740 2684 950 2779 probabiliter
977 2696 1063 2760 idem
1086 2698 1204 2763 factum
1226 2692 1340 2765 stbtui·

229 2822 300 2865 mus
321 2802 363 2863 in
386 2799 613 2864 Demosthenis
644 2809 676 2862 et
706 2799 877 2864 Aeschinis
907 2799 1050 2884 reliquiis
1080 2810 1113 2868 et
1140 2803 1168 2866 si
1191 2822 1254 2887 qua
1277 2802 1339 2868 alia

230 2905 362 2986 insuper
392 2902 578 2966 ferebantur
608 2901 768 2967 Atticiana
798 2901 997 2986 antigrapba.
1041 2905 1151 2989 Atque
1182 2925 1247 2970 non
1267 2904 1339 2970 sola

230 3007 424 3089 scriptorum
448 3007 557 3088 verba,
589 3006 648 3069 sed
673 3015 802 3090 praeter
830 3007 1025 3069 notationem
1055 3027 1093 3070 ea
1123 3008 1262 3074 subinde
1282 3007 1341 3073 ali·

231 3120 311 3192 quot
333 3109 466 3174 scholiis
489 3119 582 3173 aucta
614 3109 688 3173 illos
710 3108 811 3172 Attici
840 3107 971 3172 codices
996 3113 1208 3196 praestitisse,
1243 3111 1340 3178 doee-

233 3232 305 3276 mur
338 3231 380 3274 ex
413 3210 542 3274 laudato
575 3211 837 3295 Harpocrationis
870 3210 943 3275 loco
972 3233 1003 3276 v.
1035 3209 1182 3280 ἀνελοῦσα
1214 3226 1275 3280 etc
1298 3234 1340 3280 ex

232 3333 297 3396 quo
326 3321 415 3396 patet
454 3315 619 3377 contextui
653 3314 786 3379 alteram
817 3312 987 3379 lectionem
1019 3319 1195 3382 variantem
1226 3319 1260 3382 in
1282 3337 1340 3385 ora

232 3417 412 3500 appositam
434 3414 546 3482 fuisse.

319 3519 410 3601 Quae
442 3518 482 3582 de
504 3517 706 3584 Scholiastae
728 3519 885 3587 Platonici
917 3523 990 3589 loco
1020 3526 1189 3590 statuimus
1211 3525 1342 3591 minime

232 3621 458 3688 convelluntur
479 3641 518 3685 ea
540 3623 675 3704 ratione,
699 3645 761 3707 qua
784 3624 867 3689 idem
887 3626 1016 3692 Atticus
1034 3627 1206 3693 etiamalio
1226 3647 1343 3693 eorun-

233 3725 305 3790 dem
328 3722 532 3789 Scholiorum
564 3725 637 3790 loco
669 3737 701 3790 et
723 3748 837 3792 rursus
870 3729 911 3793 ad
937 3729 1103 3795 Timaeum
1133 3729 1341 3814 producitur:

233 3831 330 3892 immo
362 3829 406 3891 ita
439 3827 573 3911 habent,
610 3839 646 3893 ut
681 3831 859 3895 sententiae
892 3835 1080 3916 propositae
1111 3833 1341 3919 aliquantulum

233 3928 387 4014 praesidii
416 3929 567 3996 adiiciant
596 3942 628 3996 et
659 3931 754 3997 simul
783 3953 843 3998 nos
867 3933 908 3997 de
930 3935 1031 4000 Attici
1053 3945 1158 4001 aetate
1173 3937 1342 4004 edoceant.

234 4032 393 4097 Videlicet
421 4031 565 4099 Platonis
600 4037 790 4100 sententiam
825 4037 865 4100 de
895 4038 1058 4122 universo,
1093 4039 1182 4123 quod
1204 4051 1343 4125 quatuor

234 4138 400 4203 elementis
414 4139 624 4222 constitisset,
643 4138 873 4223 explanaturus
887 4139 1071 4207 Scholiasta
1083 4163 1114 4226 p.
1127 4143 1210 4207 436:
1233 4137 1343 4226 ἐφεξῆς

235 4238 269 4306 δὲ
291 4240 351 4326 καὶ,
373 4243 485 4327 inquit,
508 4251 567 4308 τῶν
590 4241 678 4310 αὐτὸν
700 4241 1014 4330 ὑπομνηματιααμίνων
1043 4242 1218 4330 φιλοσόφων
1231 4239 1343 4328 Ιὀλίγας
