<?xml version="1.0" encoding="UTF-8"?>
<!DOCTYPE html PUBLIC "-//W3C//DTD XHTML 1.0 Transitional//EN"
    "http://www.w3.org/TR/xhtml1/DTD/xhtml1-transitional.dtd">
<html xmlns="http://www.w3.org/1999/xhtml" xml:lang="en" lang="en">
 <head>
  <title>
</title>
<meta http-equiv="Content-Type" content="text/html;charset=utf-8" />
  <meta name='ocr-system' content='tesseract 3.04.00' />
  <meta name='ocr-capabilities' content='ocr_page ocr_carea ocr_par ocr_line ocrx_word'/>
</head>
<body>
  <div class='ocr_page' id='page_1' title='image "./anecdotumromanu00osangoog_0160.png"; bbox 0 0 2902 4822; ppageno 0'>
   <div class='ocr_carea' id='block_1_1' title="bbox 639 442 725 521">
    <p class='ocr_par' dir='ltr' id='par_1_1' title="bbox 639 442 725 521">
     <span class='ocr_line' id='line_1_1' title="bbox 639 442 725 521; baseline -0.012 0"><span class='ocrx_word' id='word_1_1' title='bbox 639 442 725 521; x_wconf 85' lang='grc'><strong>’143</strong></span> 
     </span>
    </p>
   </div>
   <div class='ocr_carea' id='block_1_2' title="bbox 129 630 1239 1348">
    <p class='ocr_par' dir='ltr' id='par_1_2' title="bbox 130 630 1239 1134">
     <span class='ocr_line' id='line_1_2' title="bbox 132 630 1238 717; baseline 0.007 -18"><span class='ocrx_word' id='word_1_2' title='bbox 132 631 261 700; x_wconf 72' lang='grc' dir='ltr'><strong>ἀπέσειεν</strong></span> <span class='ocrx_word' id='word_1_3' title='bbox 283 630 302 699; x_wconf 84' lang='grc' dir='ltr'>ὁ</span> <span class='ocrx_word' id='word_1_4' title='bbox 324 631 461 717; x_wconf 86' lang='grc' dir='ltr'><strong>χρησμός</strong></span> <span class='ocrx_word' id='word_1_5' title='bbox 480 639 542 706; x_wconf 84' lang='grc' dir='ltr'><strong>τοῖς</strong></span> <span class='ocrx_word' id='word_1_6' title='bbox 564 632 685 705; x_wconf 71' lang='grc' dir='ltr'><strong>Φαίαξιν</strong></span> <span class='ocrx_word' id='word_1_7' title='bbox 707 644 768 699; x_wconf 86' lang='lat' dir='ltr'><strong>e&#39;te.</strong></span> <span class='ocrx_word' id='word_1_8' title='bbox 812 637 864 702; x_wconf 85' lang='lat' dir='ltr'><strong>Ae</strong></span> <span class='ocrx_word' id='word_1_9' title='bbox 885 649 975 704; x_wconf 85' lang='lat' dir='ltr'><strong>certe</strong></span> <span class='ocrx_word' id='word_1_10' title='bbox 994 637 1105 705; x_wconf 79' lang='lat' dir='ltr'><strong>Schol.</strong></span> <span class='ocrx_word' id='word_1_11' title='bbox 1127 642 1238 709; x_wconf 86' lang='lat' dir='ltr'><strong>Ambr.</strong></span> 
     </span>
     <span class='ocr_line' id='line_1_3' title="bbox 133 734 1239 820; baseline 0.006 -17"><span class='ocrx_word' id='word_1_12' title='bbox 133 736 179 803; x_wconf 87' lang='grc' dir='ltr'><strong>διό</strong></span> <span class='ocrx_word' id='word_1_13' title='bbox 211 735 262 802; x_wconf 85' lang='grc' dir='ltr'><strong>καὶ</strong></span> <span class='ocrx_word' id='word_1_14' title='bbox 291 736 460 802; x_wconf 76' lang='grc' dir='ltr'>ὑποπτεύειν</span> <span class='ocrx_word' id='word_1_15' title='bbox 488 734 558 810; x_wconf 88' lang='grc' dir='ltr'><strong>τοὺς</strong></span> <span class='ocrx_word' id='word_1_16' title='bbox 586 737 705 820; x_wconf 83' lang='grc' dir='ltr'>στίχους</span> <span class='ocrx_word' id='word_1_17' title='bbox 734 737 863 814; x_wconf 87' lang='grc' dir='ltr'><strong>τοόπους.</strong></span> <span class='ocrx_word' id='word_1_18' title='bbox 918 740 1052 809; x_wconf 81' lang='lat' dir='ltr'><strong>Scilicet</strong></span> <span class='ocrx_word' id='word_1_19' title='bbox 1084 747 1239 810; x_wconf 77' lang='lat' dir='ltr'>iterantur</span> 
     </span>
     <span class='ocr_line' id='line_1_4' title="bbox 131 839 1238 931; baseline 0.007 -26"><span class='ocrx_word' id='word_1_20' title='bbox 131 861 247 907; x_wconf 89' lang='lat' dir='ltr'><strong>versus</strong></span> <span class='ocrx_word' id='word_1_21' title='bbox 268 866 294 921; x_wconf 82' lang='lat' dir='ltr'><strong>r,</strong></span> <span class='ocrx_word' id='word_1_22' title='bbox 318 841 391 922; x_wconf 83' lang='lat'>175,</span> <span class='ocrx_word' id='word_1_23' title='bbox 416 839 470 903; x_wconf 90' lang='lat' dir='ltr'><strong>ubi</strong></span> <span class='ocrx_word' id='word_1_24' title='bbox 492 859 590 923; x_wconf 86' lang='lat' dir='ltr'><strong>quum</strong></span> <span class='ocrx_word' id='word_1_25' title='bbox 612 841 738 926; x_wconf 81' lang='lat' dir='ltr'><strong>legatur</strong></span> <span class='ocrx_word' id='word_1_26' title='bbox 763 841 945 925; x_wconf 72' lang='grc' dir='ltr'>περικαλλέα</span> <span class='ocrx_word' id='word_1_27' title='bbox 965 855 1032 931; x_wconf 78' lang='grc' dir='ltr'><strong>νῆα,</strong></span> <span class='ocrx_word' id='word_1_28' title='bbox 1065 849 1159 912; x_wconf 83' lang='grc' dir='ltr'><strong>νοΙόε</strong></span> <span class='ocrx_word' id='word_1_29' title='bbox 1182 869 1238 913; x_wconf 85' lang='lat' dir='ltr'><strong>no·</strong></span> 
     </span>
     <span class='ocr_line' id='line_1_5' title="bbox 131 941 1238 1035; baseline 0.008 -27"><span class='ocrx_word' id='word_1_30' title='bbox 131 944 226 1010; x_wconf 89' lang='lat' dir='ltr'><strong>tabile</strong></span> <span class='ocrx_word' id='word_1_31' title='bbox 259 945 419 1008; x_wconf 88' lang='lat' dir='ltr'><strong>videbitur</strong></span> <span class='ocrx_word' id='word_1_32' title='bbox 436 941 533 1033; x_wconf 28' lang='lat' dir='ltr'><strong>&#39;quod</strong></span> <span class='ocrx_word' id='word_1_33' title='bbox 565 944 700 1008; x_wconf 84' lang='lat' dir='ltr'><strong>eandem</strong></span> <span class='ocrx_word' id='word_1_34' title='bbox 731 943 904 1011; x_wconf 85' lang='lat' dir='ltr'><strong>lectionem</strong></span> <span class='ocrx_word' id='word_1_35' title='bbox 937 952 1033 1014; x_wconf 87' lang='lat' dir='ltr'><strong>etiam</strong></span> <span class='ocrx_word' id='word_1_36' title='bbox 1067 954 1238 1035; x_wconf 72' lang='lat' dir='ltr'><strong>superiore</strong></span> 
     </span>
     <span class='ocr_line' id='line_1_6' title="bbox 130 1043 715 1134; baseline -0.007 -21"><span class='ocrx_word' id='word_1_37' title='bbox 130 1050 203 1115; x_wconf 83' lang='lat' dir='ltr'><strong>loco</strong></span> <span class='ocrx_word' id='word_1_38' title='bbox 225 1060 367 1134; x_wconf 74' lang='lat' dir='ltr'>praestat</span> <span class='ocrx_word' id='word_1_39' title='bbox 390 1046 494 1111; x_wconf 82' lang='lat' dir='ltr'>codex</span> <span class='ocrx_word' id='word_1_40' title='bbox 515 1043 715 1127; x_wconf 82' lang='lat' dir='ltr'><strong>Vespasiani.</strong></span> 
     </span>
    </p>

    <p class='ocr_par' dir='ltr' id='par_1_3' title="bbox 129 1149 1237 1348">
     <span class='ocr_line' id='line_1_7' title="bbox 215 1149 1236 1242; baseline 0.011 -27"><span class='ocrx_word' id='word_1_41' title='bbox 215 1152 327 1216; x_wconf 84' lang='lat' dir='ltr'><strong>Restat</strong></span> <span class='ocrx_word' id='word_1_42' title='bbox 349 1161 384 1213; x_wconf 89' lang='lat' dir='ltr'><strong>ut</strong></span> <span class='ocrx_word' id='word_1_43' title='bbox 406 1149 528 1234; x_wconf 86' lang='lat' dir='ltr'><strong>aliquot</strong></span> <span class='ocrx_word' id='word_1_44' title='bbox 549 1149 641 1213; x_wconf 88' lang='lat' dir='ltr'><strong>locos</strong></span> <span class='ocrx_word' id='word_1_45' title='bbox 664 1171 704 1213; x_wconf 82' lang='lat' dir='ltr'><strong>ex</strong></span> <span class='ocrx_word' id='word_1_46' title='bbox 720 1150 819 1216; x_wconf 82' lang='lat' dir='ltr'><strong>iliade</strong></span> <span class='ocrx_word' id='word_1_47' title='bbox 834 1166 981 1239; x_wconf 83' lang='lat' dir='ltr'><strong>sumptos</strong></span> <span class='ocrx_word' id='word_1_48' title='bbox 1001 1177 1236 1242; x_wconf 77' lang='lat' dir='ltr'><strong>percurramus</strong></span> 
     </span>
     <span class='ocr_line' id='line_1_8' title="bbox 129 1247 1237 1348; baseline 0.009 -29"><span class='ocrx_word' id='word_1_49' title='bbox 129 1255 168 1337; x_wconf 93' lang='grc' dir='ltr'><strong>Ο,</strong></span> <span class='ocrx_word' id='word_1_50' title='bbox 191 1256 264 1319; x_wconf 76' lang='grc'><strong>265.</strong></span> <span class='ocrx_word' id='word_1_51' title='bbox 300 1251 407 1318; x_wconf 81' lang='lat' dir='ltr'><strong>Schoi.</strong></span> <span class='ocrx_word' id='word_1_52' title='bbox 432 1254 471 1314; x_wconf 87' lang='lat' dir='ltr'><strong>A.</strong></span> <span class='ocrx_word' id='word_1_53' title='bbox 507 1247 567 1316; x_wconf 86' lang='grc' dir='ltr'><strong>ἀπό</strong></span> <span class='ocrx_word' id='word_1_54' title='bbox 596 1252 699 1317; x_wconf 84' lang='grc' dir='ltr'><strong>τούτου</strong></span> <span class='ocrx_word' id='word_1_55' title='bbox 721 1253 782 1329; x_wconf 86' lang='grc' dir='ltr'><strong>έως</strong></span> <span class='ocrx_word' id='word_1_56' title='bbox 803 1263 854 1320; x_wconf 80' lang='grc' dir='ltr'><strong>τοῦ</strong></span> <span class='ocrx_word' id='word_1_57' title='bbox 889 1253 1005 1341; x_wconf 69' lang='grc' dir='ltr'><strong>,ῥίμφα</strong></span> <span class='ocrx_word' id='word_1_58' title='bbox 1027 1259 1043 1324; x_wconf 86' lang='grc' dir='ltr'><strong>έ</strong></span> <span class='ocrx_word' id='word_1_59' title='bbox 1066 1265 1155 1344; x_wconf 78' lang='grc' dir='ltr'><strong>γοόνα</strong></span> <span class='ocrx_word' id='word_1_60' title='bbox 1177 1260 1237 1348; x_wconf 86' lang='grc' dir='ltr'><strong>φέ-</strong></span> 
     </span>
    </p>
   </div>
   <div class='ocr_carea' id='block_1_3' title="bbox 129 1353 1236 1548">
    <p class='ocr_par' dir='ltr' id='par_1_4' title="bbox 129 1353 1236 1548">
     <span class='ocr_line' id='line_1_9' title="bbox 129 1353 1236 1452; baseline 0.007 -28"><span class='ocrx_word' id='word_1_61' title='bbox 129 1360 193 1443; x_wconf 86' lang='grc' dir='ltr'><strong>ρει“</strong></span> <span class='ocrx_word' id='word_1_62' title='bbox 216 1359 309 1436; x_wconf 77' lang='lat'>(268)</span> <span class='ocrx_word' id='word_1_63' title='bbox 331 1353 499 1422; x_wconf 82' lang='grc' dir='ltr'><strong>ἀθετοῦνται</strong></span> <span class='ocrx_word' id='word_1_64' title='bbox 528 1354 630 1441; x_wconf 90' lang='lat' dir='ltr'><strong>[quod</strong></span> <span class='ocrx_word' id='word_1_65' title='bbox 659 1356 743 1420; x_wconf 89' lang='lat' dir='ltr'><strong>idem</strong></span> <span class='ocrx_word' id='word_1_66' title='bbox 766 1379 805 1422; x_wconf 87' lang='lat' dir='ltr'><strong>ae</strong></span> <span class='ocrx_word' id='word_1_67' title='bbox 826 1362 855 1424; x_wconf 91' lang='lat' dir='ltr'><strong>si</strong></span> <span class='ocrx_word' id='word_1_68' title='bbox 877 1361 1012 1425; x_wconf 86' lang='lat' dir='ltr'><strong>dixisset</strong></span> <span class='ocrx_word' id='word_1_69' title='bbox 1042 1361 1236 1452; x_wconf 76' lang='grc' dir='ltr'><strong>όβελίζονται]</strong></span> 
     </span>
     <span class='ocr_line' id='line_1_10' title="bbox 129 1456 1236 1548; baseline 0.007 -22"><span class='ocrx_word' id='word_1_70' title='bbox 129 1464 225 1546; x_wconf 83' lang='grc' dir='ltr'><strong>στίχοι</strong></span> <span class='ocrx_word' id='word_1_71' title='bbox 246 1458 283 1543; x_wconf 89' lang='grc' dir='ltr'><strong>δ’,</strong></span> <span class='ocrx_word' id='word_1_72' title='bbox 306 1458 355 1526; x_wconf 87' lang='grc' dir='ltr'><strong>καὶ</strong></span> <span class='ocrx_word' id='word_1_73' title='bbox 377 1456 544 1543; x_wconf 87' lang='grc' dir='ltr'><strong>ἀστερίσκοι</strong></span> <span class='ocrx_word' id='word_1_74' title='bbox 564 1456 762 1542; x_wconf 82' lang='grc' dir='ltr'><strong>παράκεινται,</strong></span> <span class='ocrx_word' id='word_1_75' title='bbox 784 1458 828 1526; x_wconf 89' lang='grc' dir='ltr'><strong>ότι</strong></span> <span class='ocrx_word' id='word_1_76' title='bbox 841 1459 1014 1548; x_wconf 86' lang='grc' dir='ltr'><strong>οἰκειότερον</strong></span> <span class='ocrx_word' id='word_1_77' title='bbox 1034 1461 1236 1543; x_wconf 73' lang='grc' dir='ltr'><strong>ἐπ”Αλεξάν-</strong></span> 
     </span>
    </p>
   </div>
   <div class='ocr_carea' id='block_1_4' title="bbox 50 1662 1321 3816">
    <p class='ocr_par' dir='ltr' id='par_1_5' title="bbox 50 1662 1241 3312">
     <span class='ocr_line' id='line_1_11' title="bbox 127 1662 1237 1761; baseline 0.007 -28"><span class='ocrx_word' id='word_1_78' title='bbox 127 1667 177 1734; x_wconf 87' lang='grc' dir='ltr'><strong>καὶ</strong></span> <span class='ocrx_word' id='word_1_79' title='bbox 208 1668 241 1733; x_wconf 90' lang='grc' dir='ltr'><strong>τὸ</strong></span> <span class='ocrx_word' id='word_1_80' title='bbox 276 1675 330 1752; x_wconf 78' lang='grc' dir='ltr'><strong>τῆς</strong></span> <span class='ocrx_word' id='word_1_81' title='bbox 365 1662 499 1741; x_wconf 88' lang='grc' dir='ltr'><strong>στάσεως</strong></span> <span class='ocrx_word' id='word_1_82' title='bbox 530 1668 580 1730; x_wconf 81' lang='grc' dir='ltr'><strong>τοῦ</strong></span> <span class='ocrx_word' id='word_1_83' title='bbox 615 1663 705 1730; x_wconf 84' lang='grc' dir='ltr'><strong>ἵππου</strong></span> <span class='ocrx_word' id='word_1_84' title='bbox 746 1666 823 1750; x_wconf 89' lang='grc' dir='ltr'><strong>πρὸς</strong></span> <span class='ocrx_word' id='word_1_85' title='bbox 856 1667 906 1733; x_wconf 88' lang='grc' dir='ltr'><strong>τὸν</strong></span> <span class='ocrx_word' id='word_1_86' title='bbox 940 1667 969 1734; x_wconf 87' lang='grc' dir='ltr'><strong>έν</strong></span> <span class='ocrx_word' id='word_1_87' title='bbox 1002 1668 1131 1761; x_wconf 83' lang='grc' dir='ltr'><strong>θαλάμῳ</strong></span> <span class='ocrx_word' id='word_1_88' title='bbox 1169 1678 1237 1740; x_wconf 85' lang='grc' dir='ltr'><strong>δια-</strong></span> 
     </span>
     <span class='ocr_line' id='line_1_12' title="bbox 126 1767 1236 1863; baseline 0.005 -26"><span class='ocrx_word' id='word_1_89' title='bbox 126 1770 280 1857; x_wconf 87' lang='grc' dir='ltr'><strong>τετριφότα</strong></span> <span class='ocrx_word' id='word_1_90' title='bbox 316 1767 568 1854; x_wconf 79' lang='grc' dir='ltr'><strong>ἀντιπαράκειται,</strong></span> <span class='ocrx_word' id='word_1_91' title='bbox 605 1768 626 1853; x_wconf 77' lang='grc' dir='ltr'><em>ἥ</em></span> <span class='ocrx_word' id='word_1_92' title='bbox 660 1792 692 1833; x_wconf 88' lang='grc' dir='ltr'><strong>τε</strong></span> <span class='ocrx_word' id='word_1_93' title='bbox 722 1768 799 1834; x_wconf 82' lang='grc' dir='ltr'><strong>κατὰ</strong></span> <span class='ocrx_word' id='word_1_94' title='bbox 830 1771 882 1853; x_wconf 76' lang='grc' dir='ltr'><strong>τὴν</strong></span> <span class='ocrx_word' id='word_1_95' title='bbox 913 1770 1052 1854; x_wconf 81' lang='grc' dir='ltr'><strong>αἰφνίδιον</strong></span> <span class='ocrx_word' id='word_1_96' title='bbox 1082 1773 1236 1863; x_wconf 76' lang='grc' dir='ltr'><strong>ἐξόρμησιν</strong></span> 
     </span>
     <span class='ocr_line' id='line_1_13' title="bbox 127 1869 1237 1964; baseline 0.005 -24"><span class='ocrx_word' id='word_1_97' title='bbox 127 1872 281 1960; x_wconf 86' lang='grc' dir='ltr'><strong>ὁμοιότης·</strong></span> <span class='ocrx_word' id='word_1_98' title='bbox 308 1872 357 1940; x_wconf 88' lang='grc' dir='ltr'><strong>καὶ</strong></span> <span class='ocrx_word' id='word_1_99' title='bbox 383 1874 418 1938; x_wconf 87' lang='grc' dir='ltr'><strong>τὸ</strong></span> <span class='ocrx_word' id='word_1_100' title='bbox 444 1871 592 1954; x_wconf 89' lang='grc' dir='ltr'><strong>,,κυδιόων</strong></span> <span class='ocrx_word' id='word_1_101' title='bbox 620 1870 698 1956; x_wconf 81' lang='grc' dir='ltr'><strong>όψοό</strong></span> <span class='ocrx_word' id='word_1_102' title='bbox 718 1871 752 1935; x_wconf 78' lang='grc' dir='ltr'><strong>δέ</strong></span> <span class='ocrx_word' id='word_1_103' title='bbox 781 1869 860 1956; x_wconf 86' lang='grc' dir='ltr'><strong>κάρη</strong></span> <span class='ocrx_word' id='word_1_104' title='bbox 890 1876 975 1958; x_wconf 69' lang='grc' dir='ltr'><strong>ἔχειιι</strong></span> <span class='ocrx_word' id='word_1_105' title='bbox 1015 1875 1063 1962; x_wconf 78' lang='grc' dir='ltr'><strong>ἐφ’</strong></span> <span class='ocrx_word' id='word_1_106' title='bbox 1090 1876 1237 1964; x_wconf 87' lang='grc' dir='ltr'><strong>Ἕκτορος</strong></span> 
     </span>
     <span class='ocr_line' id='line_1_14' title="bbox 125 1973 1236 2067; baseline 0.005 -25"><span class='ocrx_word' id='word_1_107' title='bbox 125 1981 176 2043; x_wconf 81' lang='grc' dir='ltr'><strong>τοῦ</strong></span> <span class='ocrx_word' id='word_1_108' title='bbox 198 1974 308 2062; x_wconf 79' lang='grc' dir='ltr'><strong>ἀρτίως</strong></span> <span class='ocrx_word' id='word_1_109' title='bbox 330 1977 433 2042; x_wconf 84' lang='grc' dir='ltr'><strong>ἑαυτὸν</strong></span> <span class='ocrx_word' id='word_1_110' title='bbox 466 1973 640 2050; x_wconf 73' lang='grc' dir='ltr'><strong>ἀπατῶντος</strong></span> <span class='ocrx_word' id='word_1_111' title='bbox 672 1973 708 2040; x_wconf 81' lang='grc' dir='ltr'><strong>ἐκ</strong></span> <span class='ocrx_word' id='word_1_112' title='bbox 739 1985 793 2060; x_wconf 78' lang='grc' dir='ltr'><strong>της</strong></span> <span class='ocrx_word' id='word_1_113' title='bbox 823 1979 999 2061; x_wconf 75' lang='grc' dir='ltr'><strong>λιποθυμίας</strong></span> <span class='ocrx_word' id='word_1_114' title='bbox 1020 1979 1078 2065; x_wconf 79' lang='grc' dir='ltr'><strong>οὐχ</strong></span> <span class='ocrx_word' id='word_1_115' title='bbox 1101 1981 1236 2067; x_wconf 76' lang='grc' dir='ltr'><strong>ἁρμόζει·</strong></span> 
     </span>
     <span class='ocr_line' id='line_1_15' title="bbox 124 2076 1236 2168; baseline 0.004 -22"><span class='ocrx_word' id='word_1_116' title='bbox 124 2081 193 2168; x_wconf 83' lang='grc' dir='ltr'><strong>τοὺς</strong></span> <span class='ocrx_word' id='word_1_117' title='bbox 214 2079 309 2165; x_wconf 84' lang='grc' dir='ltr'><strong>μέντοι</strong></span> <span class='ocrx_word' id='word_1_118' title='bbox 329 2076 539 2166; x_wconf 76' lang='grc' dir='ltr'><strong>προκειμένους</strong></span> <span class='ocrx_word' id='word_1_119' title='bbox 559 2087 618 2143; x_wconf 83' lang='grc' dir='ltr'><strong>τῶν</strong></span> <span class='ocrx_word' id='word_1_120' title='bbox 640 2076 830 2164; x_wconf 80' lang='grc' dir='ltr'><strong>ἠθετημένων</strong></span> <span class='ocrx_word' id='word_1_121' title='bbox 852 2080 906 2145; x_wconf 90' lang='grc' dir='ltr'><strong>δόο</strong></span> <span class='ocrx_word' id='word_1_122' title='bbox 929 2083 1050 2167; x_wconf 86' lang='grc' dir='ltr'><strong>στίχους</strong></span> <span class='ocrx_word' id='word_1_123' title='bbox 1072 2087 1116 2148; x_wconf 89' lang='grc' dir='ltr'><strong>δεῖ</strong></span> <span class='ocrx_word' id='word_1_124' title='bbox 1132 2082 1236 2168; x_wconf 83' lang='grc' dir='ltr'><strong>μένειν,</strong></span> 
     </span>
     <span class='ocr_line' id='line_1_16' title="bbox 125 2181 1236 2269; baseline 0.005 -21"><span class='ocrx_word' id='word_1_125' title='bbox 125 2183 202 2269; x_wconf 89' lang='grc' dir='ltr'><strong>πρὸς</strong></span> <span class='ocrx_word' id='word_1_126' title='bbox 225 2183 276 2259; x_wconf 82' lang='grc' dir='ltr'><strong>οὓς</strong></span> <span class='ocrx_word' id='word_1_127' title='bbox 296 2182 346 2249; x_wconf 89' lang='grc' dir='ltr'><strong>καὶ</strong></span> <span class='ocrx_word' id='word_1_128' title='bbox 367 2184 386 2268; x_wconf 82' lang='grc' dir='ltr'>ἡ</span> <span class='ocrx_word' id='word_1_129' title='bbox 410 2181 605 2256; x_wconf 87' lang='grc' dir='ltr'><strong>ἀνταπόδοσις</strong></span> <span class='ocrx_word' id='word_1_130' title='bbox 625 2184 738 2265; x_wconf 81' lang='grc' dir='ltr'><strong>γίνεται</strong></span> <span class='ocrx_word' id='word_1_131' title='bbox 770 2183 806 2246; x_wconf 88' lang='grc' dir='ltr'><strong>1ο</strong></span> <span class='ocrx_word' id='word_1_132' title='bbox 823 2187 971 2268; x_wconf 80' lang='lat' dir='ltr'><strong>exemplo</strong></span> <span class='ocrx_word' id='word_1_133' title='bbox 990 2185 1097 2252; x_wconf 82' lang='lat' dir='ltr'><strong>iliadis</strong></span> <span class='ocrx_word' id='word_1_134' title='bbox 1111 2187 1236 2254; x_wconf 80' lang='lat' dir='ltr'><strong>Veneto</strong></span> 
     </span>
     <span class='ocr_line' id='line_1_17' title="bbox 126 2288 1235 2376; baseline 0.005 -26"><span class='ocrx_word' id='word_1_135' title='bbox 126 2288 276 2352; x_wconf 86' lang='lat' dir='ltr'><strong>versibus</strong></span> <span class='ocrx_word' id='word_1_136' title='bbox 305 2288 477 2352; x_wconf 75' lang='lat'>265-268</span> <span class='ocrx_word' id='word_1_137' title='bbox 510 2299 599 2350; x_wconf 85' lang='lat' dir='ltr'><strong>reete</strong></span> <span class='ocrx_word' id='word_1_138' title='bbox 627 2289 776 2351; x_wconf 86' lang='lat' dir='ltr'><strong>asterisci</strong></span> <span class='ocrx_word' id='word_1_139' title='bbox 804 2308 876 2351; x_wconf 82' lang='lat' dir='ltr'><strong>curn</strong></span> <span class='ocrx_word' id='word_1_140' title='bbox 906 2289 1009 2354; x_wconf 86' lang='lat' dir='ltr'><strong>obelis</strong></span> <span class='ocrx_word' id='word_1_141' title='bbox 1032 2291 1235 2376; x_wconf 84' lang='lat' dir='ltr'><strong>adiiciuntur,</strong></span> 
     </span>
     <span class='ocr_line' id='line_1_18' title="bbox 125 2389 1241 2477; baseline 0.006 -25"><span class='ocrx_word' id='word_1_142' title='bbox 125 2391 201 2454; x_wconf 88' lang='lat' dir='ltr'><strong>item</strong></span> <span class='ocrx_word' id='word_1_143' title='bbox 222 2389 355 2455; x_wconf 88' lang='lat' dir='ltr'><strong>alterius</strong></span> <span class='ocrx_word' id='word_1_144' title='bbox 377 2389 441 2455; x_wconf 89' lang='lat' dir='ltr'><strong>ioei</strong></span> <span class='ocrx_word' id='word_1_145' title='bbox 464 2389 614 2454; x_wconf 90' lang='lat' dir='ltr'><strong>versibus</strong></span> <span class='ocrx_word' id='word_1_146' title='bbox 629 2391 693 2454; x_wconf 89' lang='grc'><strong>508</strong></span> <span class='ocrx_word' id='word_1_147' title='bbox 704 2400 737 2452; x_wconf 91' lang='lat' dir='ltr'><strong>et</strong></span> <span class='ocrx_word' id='word_1_148' title='bbox 757 2392 821 2453; x_wconf 83' lang='lat'><strong>509</strong></span> <span class='ocrx_word' id='word_1_149' title='bbox 842 2393 1000 2474; x_wconf 81' lang='lat' dir='ltr'><strong>asterisci,</strong></span> <span class='ocrx_word' id='word_1_150' title='bbox 1025 2394 1241 2477; x_wconf 81' lang='lat' dir='ltr'><strong>sequentibus</strong></span> 
     </span>
     <span class='ocr_line' id='line_1_19' title="bbox 125 2493 1234 2577; baseline 0.006 -22"><span class='ocrx_word' id='word_1_151' title='bbox 125 2512 203 2556; x_wconf 88' lang='lat' dir='ltr'><strong>vero</strong></span> <span class='ocrx_word' id='word_1_152' title='bbox 226 2493 334 2558; x_wconf 90' lang='lat' dir='ltr'><strong>alteris</strong></span> <span class='ocrx_word' id='word_1_153' title='bbox 358 2494 463 2577; x_wconf 89' lang='lat' dir='ltr'><strong>diplae</strong></span> <span class='ocrx_word' id='word_1_154' title='bbox 487 2512 547 2576; x_wconf 88' lang='lat' dir='ltr'><strong>pro</strong></span> <span class='ocrx_word' id='word_1_155' title='bbox 570 2495 746 2575; x_wconf 84' lang='lat' dir='ltr'><strong>asteriscis,</strong></span> <span class='ocrx_word' id='word_1_156' title='bbox 770 2493 832 2556; x_wconf 90' lang='lat' dir='ltr'><strong>nisi</strong></span> <span class='ocrx_word' id='word_1_157' title='bbox 853 2494 937 2557; x_wconf 85' lang='lat' dir='ltr'><strong>forte</strong></span> <span class='ocrx_word' id='word_1_158' title='bbox 967 2497 998 2558; x_wconf 90' lang='lat' dir='ltr'><strong>in</strong></span> <span class='ocrx_word' id='word_1_159' title='bbox 1021 2497 1134 2560; x_wconf 87' lang='lat' dir='ltr'><strong>horum</strong></span> <span class='ocrx_word' id='word_1_160' title='bbox 1159 2498 1234 2562; x_wconf 86' lang='lat' dir='ltr'><strong>loco</strong></span> 
     </span>
     <span class='ocr_line' id='line_1_20' title="bbox 126 2595 1235 2686; baseline 0.007 -29"><span class='ocrx_word' id='word_1_161' title='bbox 126 2595 199 2658; x_wconf 88' lang='lat' dir='ltr'><strong>illae</strong></span> <span class='ocrx_word' id='word_1_162' title='bbox 222 2616 335 2660; x_wconf 88' lang='lat' dir='ltr'><strong>rursus</strong></span> <span class='ocrx_word' id='word_1_163' title='bbox 366 2598 445 2661; x_wconf 89' lang='lat' dir='ltr'><strong>alias</strong></span> <span class='ocrx_word' id='word_1_164' title='bbox 479 2595 521 2658; x_wconf 85' lang='lat' dir='ltr'><strong>ob</strong></span> <span class='ocrx_word' id='word_1_165' title='bbox 545 2597 686 2659; x_wconf 88' lang='lat' dir='ltr'><strong>rationes</strong></span> <span class='ocrx_word' id='word_1_166' title='bbox 719 2597 867 2678; x_wconf 85' lang='lat' dir='ltr'><strong>appietae</strong></span> <span class='ocrx_word' id='word_1_167' title='bbox 897 2610 973 2662; x_wconf 87' lang='lat' dir='ltr'><strong>sunt</strong></span> <span class='ocrx_word' id='word_1_168' title='bbox 995 2602 1235 2686; x_wconf 80' lang='lat' dir='ltr'><strong>asteriscosque</strong></span> 
     </span>
     <span class='ocr_line' id='line_1_21' title="bbox 119 2684 1236 2785; baseline 0.004 -22"><span class='ocrx_word' id='word_1_169' title='bbox 119 2684 326 2782; x_wconf 84' lang='lat' dir='ltr'><strong>expulerunt.</strong></span> <span class='ocrx_word' id='word_1_170' title='bbox 371 2699 421 2763; x_wconf 87' lang='lat' dir='ltr'><strong>Ex</strong></span> <span class='ocrx_word' id='word_1_171' title='bbox 444 2699 553 2764; x_wconf 86' lang='lat' dir='ltr'><strong>Schol.</strong></span> <span class='ocrx_word' id='word_1_172' title='bbox 576 2697 615 2762; x_wconf 88' lang='lat' dir='ltr'><strong>A.</strong></span> <span class='ocrx_word' id='word_1_173' title='bbox 638 2699 775 2782; x_wconf 86' lang='lat' dir='ltr'><strong>proiecit</strong></span> <span class='ocrx_word' id='word_1_174' title='bbox 797 2698 995 2785; x_wconf 69' lang='lat' dir='ltr'><strong>Eustasius,</strong></span> <span class='ocrx_word' id='word_1_175' title='bbox 1020 2706 1112 2784; x_wconf 75' lang='lat' dir='ltr'><strong>euius</strong></span> <span class='ocrx_word' id='word_1_176' title='bbox 1136 2705 1236 2768; x_wconf 89' lang='lat' dir='ltr'><strong>verba</strong></span> 
     </span>
     <span class='ocr_line' id='line_1_22' title="bbox 125 2798 1235 2889; baseline 0.005 -24"><span class='ocrx_word' id='word_1_177' title='bbox 125 2813 289 2885; x_wconf 85' lang='lat' dir='ltr'><strong>postrema</strong></span> <span class='ocrx_word' id='word_1_178' title='bbox 312 2805 509 2869; x_wconf 81' lang='lat' dir='ltr'><strong>adscribam:</strong></span> <span class='ocrx_word' id='word_1_179' title='bbox 545 2799 614 2875; x_wconf 83' lang='grc' dir='ltr'><strong>τοὺς</strong></span> <span class='ocrx_word' id='word_1_180' title='bbox 633 2799 667 2865; x_wconf 80' lang='grc' dir='ltr'><strong>δὲ</strong></span> <span class='ocrx_word' id='word_1_181' title='bbox 679 2799 826 2884; x_wconf 88' lang='grc' dir='ltr'><strong>τέσσαρας</strong></span> <span class='ocrx_word' id='word_1_182' title='bbox 839 2798 1013 2886; x_wconf 70' lang='grc' dir='ltr'><strong>όβελίζουσι,</strong></span> <span class='ocrx_word' id='word_1_183' title='bbox 1028 2803 1235 2889; x_wconf 73' lang='grc' dir='ltr'><strong>παρατιθέντες</strong></span> 
     </span>
     <span class='ocr_line' id='line_1_23' title="bbox 124 2899 1235 2992; baseline 0.006 -25"><span class='ocrx_word' id='word_1_184' title='bbox 124 2907 166 2984; x_wconf 76' lang='grc' dir='ltr'><strong>τῷ</strong></span> <span class='ocrx_word' id='word_1_185' title='bbox 190 2902 287 2987; x_wconf 83' lang='grc' dir='ltr'><strong>όβελῷ</strong></span> <span class='ocrx_word' id='word_1_186' title='bbox 317 2906 368 2972; x_wconf 90' lang='grc' dir='ltr'><strong>καὶ</strong></span> <span class='ocrx_word' id='word_1_187' title='bbox 389 2904 572 2991; x_wconf 85' lang='grc' dir='ltr'><strong>ἀστερίσκον,</strong></span> <span class='ocrx_word' id='word_1_188' title='bbox 608 2904 651 2979; x_wconf 84' lang='grc' dir='ltr'><strong>ὡς</strong></span> <span class='ocrx_word' id='word_1_189' title='bbox 674 2899 808 2988; x_wconf 78' lang='grc' dir='ltr'><strong>ἀλλαχοῦ</strong></span> <span class='ocrx_word' id='word_1_190' title='bbox 829 2902 972 2972; x_wconf 89' lang='grc' dir='ltr'><strong>κάλλιστα</strong></span> <span class='ocrx_word' id='word_1_191' title='bbox 1005 2906 1145 2992; x_wconf 80' lang='grc' dir='ltr'><strong>κειμένων</strong></span> <span class='ocrx_word' id='word_1_192' title='bbox 1176 2914 1235 2974; x_wconf 79' lang='grc' dir='ltr'><strong>τῶν</strong></span> 
     </span>
     <span class='ocr_line' id='line_1_24' title="bbox 124 3007 1236 3097; baseline 0.006 -27"><span class='ocrx_word' id='word_1_193' title='bbox 124 3007 261 3074; x_wconf 82' lang='grc' dir='ltr'><strong>τοιούτων</strong></span> <span class='ocrx_word' id='word_1_194' title='bbox 277 3007 357 3075; x_wconf 77' lang='grc' dir='ltr'><strong>ἐπῶν</strong></span> <span class='ocrx_word' id='word_1_195' title='bbox 373 3008 423 3075; x_wconf 85' lang='grc' dir='ltr'><strong>καὶ</strong></span> <span class='ocrx_word' id='word_1_196' title='bbox 435 3019 475 3097; x_wconf 76' lang='grc' dir='ltr'><strong>μη</strong></span> <span class='ocrx_word' id='word_1_197' title='bbox 494 3008 627 3076; x_wconf 78' lang='grc' dir='ltr'><strong>ἐνταῦθα</strong></span> <span class='ocrx_word' id='word_1_198' title='bbox 660 3009 832 3072; x_wconf 82' lang='lat' dir='ltr'><strong>Praeterea</strong></span> <span class='ocrx_word' id='word_1_199' title='bbox 850 3009 970 3074; x_wconf 85' lang='lat' dir='ltr'><strong>diserte</strong></span> <span class='ocrx_word' id='word_1_200' title='bbox 990 3009 1175 3076; x_wconf 84' lang='lat' dir='ltr'><strong>Eustathius</strong></span> <span class='ocrx_word' id='word_1_201' title='bbox 1189 3013 1236 3078; x_wconf 67' lang='lat' dir='ltr'><strong>,ad</strong></span> 
     </span>
     <span class='ocr_line' id='line_1_25' title="bbox 125 3110 1235 3199; baseline 0.004 -23"><span class='ocrx_word' id='word_1_202' title='bbox 125 3120 183 3177; x_wconf 80' lang='grc' dir='ltr'><strong>τῶν</strong></span> <span class='ocrx_word' id='word_1_203' title='bbox 197 3116 330 3179; x_wconf 79' lang='grc' dir='ltr'><strong>παλαιῶν</strong></span> <span class='ocrx_word' id='word_1_204' title='bbox 346 3116 443 3179; x_wconf 80' lang='lat' dir='ltr'><strong>crisin</strong></span> <span class='ocrx_word' id='word_1_205' title='bbox 457 3113 564 3177; x_wconf 84' lang='lat' dir='ltr'><strong>refert.</strong></span> <span class='ocrx_word' id='word_1_206' title='bbox 588 3111 696 3174; x_wconf 86' lang='lat' dir='ltr'><strong>Schol.</strong></span> <span class='ocrx_word' id='word_1_207' title='bbox 720 3110 758 3173; x_wconf 95' lang='lat' dir='ltr'><strong>V.</strong></span> <span class='ocrx_word' id='word_1_208' title='bbox 780 3110 943 3196; x_wconf 81' lang='grc' dir='ltr'><strong>Ζηνόδοτος</strong></span> <span class='ocrx_word' id='word_1_209' title='bbox 957 3116 1056 3178; x_wconf 79' lang='grc' dir='ltr'><strong>τοῦτον</strong></span> <span class='ocrx_word' id='word_1_210' title='bbox 1068 3114 1160 3194; x_wconf 77' lang='lat'><strong>(265)</strong></span> <span class='ocrx_word' id='word_1_211' title='bbox 1174 3111 1235 3199; x_wconf 86' lang='grc' dir='ltr'><strong>μό-</strong></span> 
     </span>
     <span class='ocr_line' id='line_1_26' title="bbox 50 3212 1215 3312; baseline 0.001 -33"><span class='ocrx_word' id='word_1_212' title='bbox 50 3267 53 3269; x_wconf 83' lang='grc'><strong>.</strong></span> <span class='ocrx_word' id='word_1_213' title='bbox 124 3238 171 3280; x_wconf 95' lang='grc' dir='ltr'><strong>νον</strong></span> <span class='ocrx_word' id='word_1_214' title='bbox 193 3214 309 3311; x_wconf 75' lang='grc' dir='ltr'><strong>γράφει,</strong></span> <span class='ocrx_word' id='word_1_215' title='bbox 328 3212 530 3301; x_wconf 88' lang='grc' dir='ltr'><strong>Ἀρίσταρχος</strong></span> <span class='ocrx_word' id='word_1_216' title='bbox 549 3212 582 3278; x_wconf 84' lang='grc' dir='ltr'><strong>δὲ</strong></span> <span class='ocrx_word' id='word_1_217' title='bbox 604 3212 738 3288; x_wconf 80' lang='grc' dir='ltr'><strong>καὶτοὺς</strong></span> <span class='ocrx_word' id='word_1_218' title='bbox 760 3214 868 3290; x_wconf 78' lang='grc' dir='ltr'><strong>ἄλλους</strong></span> <span class='ocrx_word' id='word_1_219' title='bbox 890 3227 977 3301; x_wconf 80' lang='grc' dir='ltr'><strong>τρεῖς.</strong></span> <span class='ocrx_word' id='word_1_220' title='bbox 993 3255 1035 3266; x_wconf 93' lang='grc'><strong>-</strong></span> <span class='ocrx_word' id='word_1_221' title='bbox 1053 3219 1088 3299; x_wconf 87' lang='grc' dir='ltr'><strong>Ε,</strong></span> <span class='ocrx_word' id='word_1_222' title='bbox 1100 3218 1183 3281; x_wconf 79' lang='lat'>734:</span> <span class='ocrx_word' id='word_1_223' title='bbox 1212 3306 1215 3312; x_wconf 55' lang='lat'><strong>.</strong></span> 
     </span>
    </p>

    <p class='ocr_par' dir='ltr' id='par_1_6' title="bbox 279 3314 1216 3405">
     <span class='ocr_line' id='line_1_27' title="bbox 279 3314 1216 3405; baseline 0.001 -20"><span class='ocrx_word' id='word_1_224' title='bbox 279 3319 390 3385; x_wconf 83' lang='grc' dir='ltr'><strong>πέπλον</strong></span> <span class='ocrx_word' id='word_1_225' title='bbox 412 3319 463 3405; x_wconf 83' lang='grc' dir='ltr'><strong>μὲν</strong></span> <span class='ocrx_word' id='word_1_226' title='bbox 487 3315 643 3400; x_wconf 75' lang='grc' dir='ltr'><strong>κατέχευεν</strong></span> <span class='ocrx_word' id='word_1_227' title='bbox 667 3317 751 3382; x_wconf 82' lang='grc' dir='ltr'><strong>ἑανὸν</strong></span> <span class='ocrx_word' id='word_1_228' title='bbox 774 3318 887 3403; x_wconf 87' lang='grc' dir='ltr'><strong>πατρὸς</strong></span> <span class='ocrx_word' id='word_1_229' title='bbox 910 3314 955 3383; x_wconf 78' lang='grc' dir='ltr'><strong>ἐπ’</strong></span> <span class='ocrx_word' id='word_1_230' title='bbox 979 3321 1060 3386; x_wconf 73' lang='grc' dir='ltr'><strong>οὔδει</strong></span> <span class='ocrx_word' id='word_1_231' title='bbox 1213 3322 1216 3329; x_wconf 80' lang='grc'><strong>’</strong></span> 
     </span>
    </p>

    <p class='ocr_par' dir='ltr' id='par_1_7' title="bbox 125 3413 1321 3816">
     <span class='ocr_line' id='line_1_28' title="bbox 277 3413 1096 3508; baseline 0.001 -21"><span class='ocrx_word' id='word_1_232' title='bbox 277 3427 419 3505; x_wconf 82' lang='grc' dir='ltr'><strong>ποικιλον,</strong></span> <span class='ocrx_word' id='word_1_233' title='bbox 442 3419 475 3486; x_wconf 91' lang='grc' dir='ltr'><strong>όν</strong></span> <span class='ocrx_word' id='word_1_234' title='bbox 497 3413 526 3505; x_wconf 76' lang='grc' dir='ltr'><strong>ῥ’</strong></span> <span class='ocrx_word' id='word_1_235' title='bbox 548 3419 620 3504; x_wconf 75' lang='grc' dir='ltr'><strong>αὕτη</strong></span> <span class='ocrx_word' id='word_1_236' title='bbox 642 3420 785 3504; x_wconf 82' lang='grc' dir='ltr'><strong>ποιήσατο</strong></span> <span class='ocrx_word' id='word_1_237' title='bbox 808 3419 859 3486; x_wconf 86' lang='grc' dir='ltr'><strong>καὶ</strong></span> <span class='ocrx_word' id='word_1_238' title='bbox 879 3419 957 3507; x_wconf 87' lang='grc' dir='ltr'><strong>κάμε</strong></span> <span class='ocrx_word' id='word_1_239' title='bbox 979 3424 1096 3508; x_wconf 90' lang='grc' dir='ltr'><strong>χερσίν,</strong></span> 
     </span>
     <span class='ocr_line' id='line_1_29' title="bbox 125 3520 1233 3608; baseline 0 -19"><span class='ocrx_word' id='word_1_240' title='bbox 125 3527 180 3591; x_wconf 90' lang='lat' dir='ltr'><strong>ubi</strong></span> <span class='ocrx_word' id='word_1_241' title='bbox 199 3525 307 3592; x_wconf 80' lang='lat' dir='ltr'><strong>Schoi.</strong></span> <span class='ocrx_word' id='word_1_242' title='bbox 330 3528 371 3592; x_wconf 88' lang='lat' dir='ltr'><strong>A.</strong></span> <span class='ocrx_word' id='word_1_243' title='bbox 394 3525 422 3591; x_wconf 86' lang='grc' dir='ltr'><strong>οἱ</strong></span> <span class='ocrx_word' id='word_1_244' title='bbox 443 3522 621 3608; x_wconf 85' lang='grc' dir='ltr'><strong>ἀστερίσκοι,</strong></span> <span class='ocrx_word' id='word_1_245' title='bbox 644 3520 688 3587; x_wconf 86' lang='grc' dir='ltr'><strong>ότι</strong></span> <span class='ocrx_word' id='word_1_246' title='bbox 709 3521 835 3588; x_wconf 80' lang='grc' dir='ltr'><strong>ένταόθα</strong></span> <span class='ocrx_word' id='word_1_247' title='bbox 857 3523 907 3608; x_wconf 81' lang='grc' dir='ltr'><strong>μέν</strong></span> <span class='ocrx_word' id='word_1_248' title='bbox 927 3529 1034 3600; x_wconf 85' lang='grc' dir='ltr'><strong>καλῶς</strong></span> <span class='ocrx_word' id='word_1_249' title='bbox 1062 3533 1178 3604; x_wconf 85' lang='grc' dir='ltr'><strong>κεῖνται,</strong></span> <span class='ocrx_word' id='word_1_250' title='bbox 1203 3522 1233 3589; x_wconf 80' lang='grc' dir='ltr'><strong>ἐν</strong></span> 
     </span>
     <span class='ocr_line' id='line_1_30' title="bbox 126 3624 1232 3717; baseline -0.002 -23"><span class='ocrx_word' id='word_1_251' title='bbox 126 3630 160 3695; x_wconf 82' lang='grc' dir='ltr'><strong>δὲ</strong></span> <span class='ocrx_word' id='word_1_252' title='bbox 179 3634 215 3717; x_wconf 73' lang='grc' dir='ltr'><strong>τῇ</strong></span> <span class='ocrx_word' id='word_1_253' title='bbox 237 3629 321 3717; x_wconf 87' lang='grc' dir='ltr'><strong>κόλῳ</strong></span> <span class='ocrx_word' id='word_1_254' title='bbox 356 3628 439 3715; x_wconf 89' lang='grc' dir='ltr'><strong>μάχη</strong></span> <span class='ocrx_word' id='word_1_255' title='bbox 462 3633 508 3709; x_wconf 81' lang='grc' dir='ltr'><strong>(θ,</strong></span> <span class='ocrx_word' id='word_1_256' title='bbox 535 3628 614 3706; x_wconf 84' lang='grc'><strong>385)</strong></span> <span class='ocrx_word' id='word_1_257' title='bbox 638 3627 783 3709; x_wconf 81' lang='grc' dir='ltr'><strong>μηδεμιᾶς</strong></span> <span class='ocrx_word' id='word_1_258' title='bbox 816 3626 990 3711; x_wconf 82' lang='grc' dir='ltr'><strong>φαινομένης</strong></span> <span class='ocrx_word' id='word_1_259' title='bbox 1016 3625 1164 3712; x_wconf 74' lang='grc' dir='ltr'><strong>ἀριστείας</strong></span> <span class='ocrx_word' id='word_1_260' title='bbox 1196 3624 1232 3692; x_wconf 78' lang='lat' dir='ltr'><strong>ori</strong></span> 
     </span>
     <span class='ocr_line' id='line_1_31' title="bbox 125 3725 1321 3816; baseline -0.003 -15"><span class='ocrx_word' id='word_1_261' title='bbox 125 3733 265 3811; x_wconf 88' lang='grc' dir='ltr'><strong>δεόντως·</strong></span> <span class='ocrx_word' id='word_1_262' title='bbox 295 3733 312 3801; x_wconf 90' lang='grc' dir='ltr'><strong>ό</strong></span> <span class='ocrx_word' id='word_1_263' title='bbox 336 3734 370 3800; x_wconf 83' lang='grc' dir='ltr'><strong>δὲ</strong></span> <span class='ocrx_word' id='word_1_264' title='bbox 392 3729 557 3816; x_wconf 87' lang='grc' dir='ltr'><strong>Ζηνόδοτος</strong></span> <span class='ocrx_word' id='word_1_265' title='bbox 577 3727 697 3801; x_wconf 87' lang='grc' dir='ltr'><strong>τοότους</strong></span> <span class='ocrx_word' id='word_1_266' title='bbox 726 3726 777 3810; x_wconf 83' lang='grc' dir='ltr'><strong>μὲν</strong></span> <span class='ocrx_word' id='word_1_267' title='bbox 799 3725 908 3811; x_wconf 89' lang='grc' dir='ltr'><strong>ἀθετεῖ,</strong></span> <span class='ocrx_word' id='word_1_268' title='bbox 931 3729 1060 3805; x_wconf 80' lang='grc' dir='ltr'><strong>ἐκείνους</strong></span> <span class='ocrx_word' id='word_1_269' title='bbox 1083 3728 1117 3794; x_wconf 76' lang='grc' dir='ltr'><strong>δὲ</strong></span> <span class='ocrx_word' id='word_1_270' title='bbox 1138 3751 1233 3796; x_wconf 80' lang='grc' dir='ltr'><strong>κατα·</strong></span> <span class='ocrx_word' id='word_1_271' title='bbox 1314 3760 1321 3765; x_wconf 94' lang='grc'><em>·</em></span> 
     </span>
    </p>
   </div>
   <div class='ocr_carea' id='block_1_5' title="bbox 123 3832 1324 3916">
    <p class='ocr_par' dir='ltr' id='par_1_8' title="bbox 123 3832 1324 3916">
     <span class='ocr_line' id='line_1_32' title="bbox 123 3832 1324 3916; baseline -0.004 -13"><span class='ocrx_word' id='word_1_272' title='bbox 123 3840 226 3905; x_wconf 83' lang='grc' dir='ltr'><strong>λείπει</strong></span> <span class='ocrx_word' id='word_1_273' title='bbox 270 3838 414 3904; x_wconf 88' lang='lat' dir='ltr'><strong>Eandem</strong></span> <span class='ocrx_word' id='word_1_274' title='bbox 436 3836 633 3899; x_wconf 87' lang='lat' dir='ltr'><strong>notationem</strong></span> <span class='ocrx_word' id='word_1_275' title='bbox 656 3841 792 3896; x_wconf 88' lang='lat' dir='ltr'><strong>testatus</strong></span> <span class='ocrx_word' id='word_1_276' title='bbox 815 3844 865 3897; x_wconf 93' lang='lat' dir='ltr'><strong>est</strong></span> <span class='ocrx_word' id='word_1_277' title='bbox 886 3832 1074 3899; x_wconf 85' lang='lat' dir='ltr'><strong>Eustathius</strong></span> <span class='ocrx_word' id='word_1_278' title='bbox 1104 3855 1136 3916; x_wconf 87' lang='grc' dir='ltr'><strong>ρ.</strong></span> <span class='ocrx_word' id='word_1_279' title='bbox 1159 3834 1232 3899; x_wconf 76' lang='grc'><strong>599.</strong></span> <span class='ocrx_word' id='word_1_280' title='bbox 1321 3891 1324 3898; x_wconf 53' lang='lat'><strong>.</strong></span> 
     </span>
    </p>
   </div>
   <div class='ocr_carea' id='block_1_6' title="bbox 118 3929 1233 4338">
    <p class='ocr_par' dir='ltr' id='par_1_9' title="bbox 118 3929 1233 4338">
     <span class='ocr_line' id='line_1_33' title="bbox 122 3929 1233 4021; baseline -0.005 -14"><span class='ocrx_word' id='word_1_281' title='bbox 122 3943 177 4007; x_wconf 83' lang='lat' dir='ltr'><strong>Ad</strong></span> <span class='ocrx_word' id='word_1_282' title='bbox 199 3944 333 4008; x_wconf 85' lang='lat' dir='ltr'><strong>alterum</strong></span> <span class='ocrx_word' id='word_1_283' title='bbox 359 3943 465 4005; x_wconf 87' lang='lat' dir='ltr'><strong>loeum</strong></span> <span class='ocrx_word' id='word_1_284' title='bbox 487 3938 570 4002; x_wconf 86' lang='lat' dir='ltr'><strong>idern</strong></span> <span class='ocrx_word' id='word_1_285' title='bbox 593 3933 703 3999; x_wconf 83' lang='lat' dir='ltr'><strong>Schol.</strong></span> <span class='ocrx_word' id='word_1_286' title='bbox 727 3929 895 4002; x_wconf 78' lang='grc' dir='ltr'><strong>ἀθετουνται</strong></span> <span class='ocrx_word' id='word_1_287' title='bbox 917 3938 1013 4021; x_wconf 88' lang='grc' dir='ltr'><strong>στίχοι</strong></span> <span class='ocrx_word' id='word_1_288' title='bbox 1026 3933 1182 4021; x_wconf 85' lang='grc' dir='ltr'><strong>τρεῖς,.ότι</strong></span> <span class='ocrx_word' id='word_1_289' title='bbox 1203 3933 1233 4002; x_wconf 74' lang='grc' dir='ltr'><strong>έν</strong></span> 
     </span>
     <span class='ocr_line' id='line_1_34' title="bbox 122 4033 1232 4131; baseline -0.007 -19"><span class='ocrx_word' id='word_1_290' title='bbox 122 4049 159 4131; x_wconf 75' lang='grc' dir='ltr'><strong>τῇ</strong></span> <span class='ocrx_word' id='word_1_291' title='bbox 179 4049 231 4112; x_wconf 84' lang='grc' dir='ltr'><strong>τοό</strong></span> <span class='ocrx_word' id='word_1_292' title='bbox 252 4044 416 4129; x_wconf 79' lang='grc' dir='ltr'><strong>Διομήδους</strong></span> <span class='ocrx_word' id='word_1_293' title='bbox 444 4039 576 4127; x_wconf 80' lang='grc' dir='ltr'><strong>ἀριστείᾳ</strong></span> <span class='ocrx_word' id='word_1_294' title='bbox 597 4040 700 4109; x_wconf 82' lang='grc' dir='ltr'><strong>καλῶς</strong></span> <span class='ocrx_word' id='word_1_295' title='bbox 730 4033 963 4121; x_wconf 73' lang='grc' dir='ltr'><strong>έπεξείρηασται·</strong></span> <span class='ocrx_word' id='word_1_296' title='bbox 995 4037 1150 4124; x_wconf 88' lang='grc' dir='ltr'><strong>πράττεται</strong></span> <span class='ocrx_word' id='word_1_297' title='bbox 1174 4036 1232 4124; x_wconf 81' lang='grc' dir='ltr'><strong>γάρ</strong></span> 
     </span>
     <span class='ocr_line' id='line_1_35' title="bbox 118 4133 1233 4231; baseline -0.006 -16"><span class='ocrx_word' id='word_1_298' title='bbox 118 4168 197 4214; x_wconf 81' lang='grc' dir='ltr'><strong>τινα·</strong></span> <span class='ocrx_word' id='word_1_299' title='bbox 220 4147 346 4214; x_wconf 67' lang='grc' dir='ltr'><strong>ἐνταῦθα</strong></span> <span class='ocrx_word' id='word_1_300' title='bbox 367 4145 402 4211; x_wconf 81' lang='grc' dir='ltr'><strong>δὲ</strong></span> <span class='ocrx_word' id='word_1_301' title='bbox 423 4146 501 4231; x_wconf 87' lang='grc' dir='ltr'><strong>πρὸς</strong></span> <span class='ocrx_word' id='word_1_302' title='bbox 523 4140 608 4208; x_wconf 77' lang='grc' dir='ltr'><strong>οὐδὲν</strong></span> <span class='ocrx_word' id='word_1_303' title='bbox 630 4133 826 4222; x_wconf 86' lang='grc' dir='ltr'><strong>ἀναλαμβάνει</strong></span> <span class='ocrx_word' id='word_1_304' title='bbox 846 4142 897 4224; x_wconf 78' lang='grc' dir='ltr'><strong>τὴν</strong></span> <span class='ocrx_word' id='word_1_305' title='bbox 925 4145 1111 4227; x_wconf 85' lang='grc' dir='ltr'><strong>παντευχίαν·</strong></span> <span class='ocrx_word' id='word_1_306' title='bbox 1132 4139 1233 4226; x_wconf 59' lang='lat' dir='ltr'><strong>illita</strong></span> 
     </span>
     <span class='ocr_line' id='line_1_36' title="bbox 125 4233 1232 4338; baseline -0.005 -24"><span class='ocrx_word' id='word_1_307' title='bbox 125 4249 160 4316; x_wconf 81' lang='grc' dir='ltr'><strong>δὲ</strong></span> <span class='ocrx_word' id='word_1_308' title='bbox 182 4233 233 4317; x_wconf 77' lang='grc' dir='ltr'><strong>καί</strong></span> <span class='ocrx_word' id='word_1_309' title='bbox 249 4245 484 4338; x_wconf 77' lang='grc' dir='ltr'><strong>Ἀριστοφάνης·</strong></span> <span class='ocrx_word' id='word_1_310' title='bbox 515 4243 679 4330; x_wconf 69' lang='grc' dir='ltr'><strong>Ζηνόδοτος</strong></span> <span class='ocrx_word' id='word_1_311' title='bbox 699 4241 734 4308; x_wconf 74' lang='grc' dir='ltr'><strong>δὲ</strong></span> <span class='ocrx_word' id='word_1_312' title='bbox 763 4235 841 4305; x_wconf 75' lang='grc' dir='ltr'><strong>οὐδὲ.</strong></span> <span class='ocrx_word' id='word_1_313' title='bbox 864 4243 1001 4330; x_wconf 76' lang='grc' dir='ltr'><strong>ἔγραφεν.</strong></span> <span class='ocrx_word' id='word_1_314' title='bbox 1045 4246 1103 4312; x_wconf 87' lang='lat' dir='ltr'><strong>ilis</strong></span> <span class='ocrx_word' id='word_1_315' title='bbox 1125 4245 1232 4329; x_wconf 77' lang='lat' dir='ltr'><strong>‚igitur</strong></span> 
     </span>
    </p>
   </div>
   <div class='ocr_carea' id='block_1_7' title="bbox 0 0 1456 4822">
    <p class='ocr_par' dir='ltr' id='par_1_10' title="bbox 0 0 1456 4822">
     <span class='ocr_line' id='line_1_37' title="bbox 0 0 1456 4822; baseline 0 3"><span class='ocrx_word' id='word_1_316' title='bbox 0 0 1456 4822; x_wconf 95' lang='lat' dir='ltr'><strong> </strong></span> 
     </span>
    </p>
   </div>
  </div>
 </body>
</html>
