2902 4822
694 437 754 514 95.

161 647 289 712 omnes,
312 627 418 698 saltim
433 627 611 711 Hecubam,
634 628 783 695 Orestem
806 640 838 695 et
860 630 1069 718 Phoenissae,
1093 636 1275 720 inquorum

162 732 304 798 solarum
328 731 467 798 Scholiis
493 733 713 816 exposit-iones
732 737 885 801 metricae
909 739 1122 820 reperiuntur.
1162 739 1218 804 Sic
1240 751 1276 805 ut

162 848 302 902 statuam
327 857 367 901 eo
390 837 546 920 adducor,
580 837 666 922 quod
689 858 785 922 quam
806 843 962 904 rationem
985 850 1017 904 et
1053 843 1192 907 indolem
1215 844 1275 909 So·

163 941 374 1022 phooleorum
408 940 613 1005 Scholiorum
644 942 901 1025 observavimus,
936 963 1072 1026 prorsus
1108 947 1220 1010 eadem
1242 949 1276 1012 in

162 1043 346 1128 Euripideis
369 1047 517 1127 recurrit,
551 1055 588 1109 ut
610 1044 733 1109 nullum
757 1049 887 1112 omnino
910 1047 1110 1130 relinquatur
1132 1049 1275 1132 dubium,
1377 1103 1378 1107 ,

163 1150 240 1234 quin
276 1162 412 1233 utraque
445 1149 608 1214 adnotatio
642 1150 684 1213 ab
726 1151 840 1214 eodem
875 1160 1008 1213 auctore
1041 1152 1187 1234 prolecta
1224 1155 1276 1218 sit.

162 1252 198 1315 ln
223 1256 295 1336 'qua
328 1254 376 1315 rei
400 1253 675 1317 demonstratione
697 1254 840 1317 breviori
873 1255 949 1317 mihi
980 1274 1055 1318 esse
1077 1255 1162 1320 licet.
1208 1254 1278 1320 Pri·

163 1377 249 1420 mum
262 1356 395 1422 eaedem
407 1367 502 1421 notae
523 1357 705 1438 laudantur,
726 1378 792 1421 uno
804 1359 962 1424 asterisco
981 1367 1129 1442 excepto,
1154 1379 1278 1444 eaeque

163 1482 300 1544 prorsus
323 1461 435 1525 eadem
459 1460 596 1523 formula
626 1462 842 1544 conscriptae,
872 1461 976 1544 qualis
1000 1473 1051 1524 est
1079 1459 1278 1546 παράγραρος

165 1561 194 1628 ἐν
215 1572 261 1649 τῷ
282 1561 366 1629 τέλει.
411 1564 490 1629 Heo.
514 1566 588 1628 624.
612 1563 684 1627 678.
709 1564 782 1641 686.
806 1566 878 1628 690.
902 1566 975 1628 697.
999 1566 1277 1629 8889041011.

164 1669 369 1734 Ονεοι.“162.
392 1671 465 1734 795.
488 1669 562 1732 948.
587 1668 679 1729 1262.
704 1668 797 1731 1270.
828 1670 922 1733 1275.
948 1670 1041 1732 1279.
1066 1670 1158 1733 1281.
1184 1670 1277 1733 1317.

165 1774 260 1838 1355.
291 1772 385 1836 1366.
420 1772 512 1834 1380.
549 1771 640 1833 1434.
676 1771 768 1834 1460.
802 1773 894 1836 1530.
932 1773 1023 1836 1535.
1060 1772 1152 1836 1537.
1184 1774 1276 1837 1544.

163 1877 271 1940 Locos
313 1895 355 1938 ex
388 1873 578 1938 Phoenissis
622 1877 787 1957 omittam,
832 1888 866 1941 ut
900 1878 996 1940 etiam
1037 1877 1093 1958 qui
1126 1878 1279 1941 exhibent

165 1981 296 2064 phrasin
326 1976 374 2042 ἐπὶ
406 1984 451 2063 τῷ
480 1973 557 2041 τέλει
590 1978 728 2060 κορωνίς,
762 1980 854 2043 cuius
882 1981 964 2042 ratio
995 1977 1174 2060 explicatur
1200 1979 1278 2043 llec.

165 2085 240 2167 461,
264 2101 399 2147 numero
423 2081 610 2163 permultos.
655 2079 737 2143 Tum
768 2078 816 2145 ἐπὶ
842 2091 907 2156 ταῖς
937 2078 1098 2145 ἀποδέουσι
1119 2078 1279 2165 παράγρα-

169 2209 225 2269 ρος
245 2183 297 2251 καὶ
330 2183 379 2250 ἐπὶ
409 2192 454 2269 τῷ
474 2181 552 2248 τέλει
573 2184 716 2266 κορωνίς,
750 2184 828 2248 Hec.
859 2187 910 2248 59.
933 2186 985 2248 95.
1013 2184 1084 2248 151.
1107 2186 1180 2251 709.
1204 2187 1278 2250 932.

169 2291 263 2354 1032.
298 2290 391 2353 1065.
435 2289 541 2352 Orest.
567 2289 594 2349 1.
621 2289 690 2352 198.
727 2288 800 2350 306.
823 2289 897 2352 970.
943 2286 1065 2352 Phoen.
1099 2289 1172 2351 239.
1204 2290 1278 2353 301.

130 2457 133 2460 .
169 2395 261 2458 1067.
287 2395 387 2471 1508:
419 2394 471 2456 vel
494 2390 542 2456 ἐπὶ
562 2397 607 2475 τῷ
628 2387 706 2454 τέλει
727 2388 853 2474 κορωνὶς
883 2386 934 2453 καὶ
956 2386 1163 2472 παράγραφος,
1198 2391 1279 2458 Heo.

166 2497 242 2579 640,
264 2497 321 2561 ubi
344 2497 551 2561 adiiciuntur:
584 2501 674 2558 ταῦτα
696 2492 752 2577 γὰρ
774 2501 828 2560 τοῦ
855 2491 960 2567 τέλους
988 2501 1040 2578 τῆς
1071 2490 1192 2579 landoni
1220 2516 1279 2577 οη-

167 2609 245 2685 pata,
267 2599 349 2663 Hec.
372 2601 444 2664 923.
480 2599 586 2663 Orest.
608 2600 681 2662 819.
707 2600 800 2663 1296.
829 2600 922 2680 1677,
948 2617 1012 2682 quo
1037 2597 1109 2660 loco
1133 2598 1186 2660 illa
1210 2597 1279 2662 Tri·

167 2705 263 2769 clinio
285 2698 487 2787 frequentata
510 2701 647 2764 formula
670 2713 794 2766 exstat:
827 2699 875 2766 ἐπὶ
897 2708 943 2786 τῷ
971 2697 1049 2765 τέλει
1077 2708 1130 2765 τοῦ
1160 2701 1279 2785 πρώτου

169 2805 302 2892 [κώλου]
324 2802 532 2890 παράγραρος,
562 2810 615 2869 τοῦ
637 2801 671 2868 δὲ
693 2801 831 2888 δευτέρου
856 2804 994 2887 κορωνίς,
1015 2803 1035 2887 ἡ
1057 2813 1225 2887 περατοῦαα
1245 2804 1279 2869 τὸ

168 2912 276 2994 δρᾶμα.
319 2909 454 2974 Praeter
485 2909 721 2993 paragraphum
752 2920 784 2972 et
818 2908 1004 2972 coronidem
1033 2909 1152 2989 pariter
1174 2908 1280 2990 diplae

168 3015 337 3098 utriusque
358 3015 440 3077 ratio
463 3012 611 3094 habetur,
636 3012 741 3076 Orest.
767 3014 847 3075 17οτ
880 3007 930 3073 ἐπὶ
957 3016 1003 3093 τῷ
1023 3005 1100 3072 τέλει
1121 3006 1280 3095 παράγρα-

169 3138 236 3198 ρος,
259 3114 311 3181 καὶ
333 3118 421 3201 διπλῆ
444 3117 509 3180 ἔσω
532 3113 583 3180 καὶ
604 3115 665 3187 ἔξω
687 3124 845 3196 νενευκυῖα,
868 3113 888 3199 ἡ
911 3111 963 3197 μὲν
987 3110 1015 3175 ἐν
1036 3109 1119 3198 ἀρχῇ
1140 3120 1192 3178 τοῦ
1213 3111 1281 3178 κώ-

169 3222 235 3300 λου,
257 3219 278 3304 t‘p
302 3219 336 3284 δὲ
358 3219 434 3284 κατὰ
455 3219 490 3283 τὸ
512 3217 609 3301 τέλος,
632 3221 767 3302 δηλοῦσα
788 3219 869 3302 ἔχειν
892 3205 1093 3282 ἀνταπόδοσιν.
1122 3217 1171 3283 Cf.
1186 3219 1282 3282 1210.

170 3323 264 3387 1245.
291 3324 374 3388 1253
397 3324 467 3400 (ubi
490 3321 577 3397 ἐκτὸς
600 3334 632 3386 et
654 3321 736 3396 ἐντὸς
768 3328 828 3405 pro
851 3322 911 3393 ἔξω
935 3332 968 3385 et
999 3321 1074 3401 ἔσω,
1097 3320 1184 3404 quod
1207 3320 1282 3384 alibi
1330 3301 1336 3314 s

168 3446 234 3500 non
255 3429 388 3510 reperi).
423 3426 542 3490 Phoen.
574 3429 645 3491 183.
682 3426 763 3490 Tum
795 3425 902 3489 Orest.
935 3425 1018 3488 1287
1027 3446 1035 3489 :
1066 3421 1114 3487 ἐπὶ
1141 3430 1186 3508 τῷ
1206 3420 1283 3488 atho

170 3527 224 3594 tto
248 3531 348 3596 διπλαῖ
370 3531 430 3603 ἔξω
453 3539 620 3612 νενευκυῖαι,
643 3529 663 3615 ἡ
686 3528 737 3614 μὲν
760 3526 789 3592 ἐν
812 3525 893 3612 ἀρχῆ
915 3536 968 3592 τοῦ
986 3525 1097 3606 κώλου,
1115 3525 1135 3610 ἡ
1155 3525 1189 3589 δὲ
1207 3523 1283 3590 κατὰ

168 3630 312 3707 τὸτέλος
335 3654 470 3717 prorsus
492 3646 528 3697 ut
550 3655 599 3697 va.
625 3635 723 3697 1539:
759 3632 800 3695 ad
823 3651 920 3715 quem
943 3650 1035 3695 usum
1059 3629 1283 3692 illustrandum

170 3736 213 3802 cl.
241 3735 417 3820 Hephaest.
448 3759 479 3821 p.
509 3738 579 3802 136.
623 3735 751 3799 Rursus
781 3732 1049 3818 deprehendimus
1080 3731 1165 3796 idem
1198 3743 1284 3795 tran-

170 3849 373 3923 sumptarum
402 3839 530 3904 aliunde
561 3849 709 3902 notarum
736 3838 889 3901 indicium
919 3838 950 3899 in
984 3835 1127 3898 lormulis
1160 3832 1208 3899 ἐπὶ
1239 3841 1284 3922 τῷ

171 3939 252 4007 τέλει
273 3938 470 4027 ααράγραρος
492 3940 577 4026 μόνη,
608 3940 690 4008 Ηοο.
720 3942 816 4024 1002,
850 3951 883 4003 et
904 3934 1030 4024 κορωνὶς
1052 3935 1138 4022 μόνη,
1159 3938 1282 4004 Phoen.

173 4046 267 4111 1019.
312 4046 612 4129 Acceditoenique
634 4045 748 4109 eadem
770 4042 980 4126 inaequalitas
1003 4043 1036 4105 in
1059 4037 1283 4107 adscribendis
1391 4040 1393 4045 ’

133 4147 134 4150 ’
172 4151 269 4215 notis.
306 4148 391 4232 Quid
414 4148 535 4235 igitur?
566 4147 688 4213 Eadem
711 4159 772 4231 est,
796 4157 831 4210 ut
854 4145 930 4230 dixi,
954 4146 1194 4210 adnotationum
1217 4165 1283 4208 me·

172 4251 489 4338 tricarum-indoles,
513 4251 626 4319 eadem
647 4262 796 4317 notarum
817 4251 939 4336 pariter
960 4261 1057 4336 atque
1070 4249 1144 4316 ¹illic
1157 4248 1283 4322 illarum
