2902 4822
637 433 749 517 '281

157 660 160 668 “
255 634 377 710 Μούσας
398 631 491 700 ἀείδω
513 630 564 699 καὶ
581 625 764 714 Ἀπόλλωνα
785 625 978 713 κλυτότοξον,

154 751 186 804 et
678 768 728 829 §u

209 913 211 919 ,
244 841 376 911 Ἔστετε
397 850 445 910 νῦν
467 867 516 929 μοι
537 846 653 909 Μοῦσαι
670 834 824 925 Ὀλύμπια
845 834 960 924 δώματ’
982 837 1126 921 ἔχουσαι,

153 968 243 1013 more
278 950 388 1033 utique
426 950 553 1032 prisco,
594 967 659 1032 quo
693 943 964 1031 quemadmodum
998 943 1104 1007 omnia
1138 962 1159 1007 a
1189 941 1264 1008 iove
1359 936 1363 946 ’

153 1062 222 1116 orta
244 1052 410 1135 putabant,
432 1053 478 1116 ita
499 1061 607 1116 tamen
628 1071 742 1116 eorum
763 1068 847 1134 quae
868 1047 911 1113 ed
931 1049 1088 1113 musicam
1115 1056 1146 1111 et
1168 1058 1264 1130 prees

151 1158 262 1220 sertim
294 1162 432 1221 cantum
456 1158 671 1240 pertinerent,
713 1156 871 1240 originem
908 1151 1013 1217 Musis
1047 1150 1264 1218 attribuebant

150 1260 328 1344 harumque
361 1259 514 1326 auxilium
547 1279 678 1325 carmen
710 1268 828 1342 poetae
859 1256 1009 1323 exorsuri
1036 1255 1263 1342 implorabant,

150 1365 237 1429 lovis
262 1366 425 1429 mentione
451 1363 679 1448 aliquomodo
710 1382 773 1428 una
802 1362 994 1446 saepissime
1020 1360 1115 1424 iacta.
1156 1358 1263 1426 *Cuius

149 1469 272 1552 moris‚·
297 1478 332 1532 ut
360 1467 538 1534 Homerum
560 1469 757 1549 omittamus,
780 1466 873 1531 cuius
897 1464 938 1529 de
960 1484 1023 1529 usu
1046 1483 1121 1528 mox
1143 1463 1263 1549 ὥυει,

148 1573 405 1657 antiquissimum
432 1572 614 1656 exemplum
636 1569 801 1636 Hesiodus
823 1579 968 1655 praestat
998 1568 1140 1653 Operum
1161 1573 1195 1632 et
1211 1565 1261 1633 :us

148 1677 309 1759 prooemii
332 1676 437 1742 initio:
1108 1682 1112 1697 ¹
1169 1688 1173 1695 '

248 1782 366 1845 Μοῦσαι
386 1778 541 1863 Πιερίηθεν
564 1775 681 1866 ἀοιδῇσι
702 1779 872 1864 κλείουσαι,

250 1885 335 1949 δεῦτε
355 1884 404 1968 δὴ,
427 1879 558 1950 ἐννέπετε
579 1881 722 1969 σφέτερον
743 1879 845 1971 πατέρ’
869 1883 1046 1971 ὑμνείουσαι.
1247 1954 1250 1959 ,

146 1987 371 2072 Antimachus,
391 1986 574 2070 Thebaidis,
606 1999 643 2054 ut
670 1999 761 2055 recte
782 1998 934 2074 putatur,
956 1989 1066 2072 initio,
1088 1985 1262 2053 Eustatirio

146 2101 178 2155 et
192 2089 384 2156 Scholiastis
405 2091 492 2156 iliad.
515 2113 599 2175 α,,
570 2093 584 2156 1
623 2093 664 2157 de
686 2100 757 2160 toto
778 2091 965 2161 hacMuses
987 2092 1160 2158 invocandi
1182 2108 1263 2159 σου·

145 2195 316 2260 suetudine
338 2195 558 2279 consulendis,
580 2195 749 2263 laudatus:
1213 2224 1216 2230 ’
1242 2236 1244 2241 >

242 2293 397 2364 Ἐννέττετε
418 2299 565 2384 Κρονίδαο
586 2300 657 2377 Διὸς
678 2299 820 2387 μεγάλοιο
840 2299 995 2389 θυγατρεσ

144 2402 266 2467 Aratus
288 2402 409 2469 Phaen.
434 2404 494 2495 15‘:

246 2508 340 2591 Χαῖρε
362 2498 465 2592 Ιττοὶτερ,
487 2500 564 2592 μέγα
585 2513 697 2596 θαῦμα,
720 2504 783 2596 μέγ’
807 2507 1013 2598 ἀνθρώποισιν,
1026 2510 1143 2600 ὄνειαρ,
1187 2499 1189 2503 ’

246 2607 336 2685 αὐτὸς
356 2608 406 2677 καὶ
428 2610 558 2698 προτέρη
575 2610 669 2700 γενέη.
702 2617 840 2702 Χαίροιτε
863 2615 1051 2705 dedicisset,

244 2715 383 2799 μειλιχίαι
404 2712 486 2800 μάλα
506 2725 615 2786 πᾶσαι·
637 2716 738 2805 ἐμυίγε
758 2719 821 2806 μὲν,
844 2718 973 2808 ἀστέρας
995 2722 1103 2809 εἰπεῖν,

244 2814 386 2904 ᾗθέ,μις
408 2817 583 2910 εὐχομένου,
604 2823 771 2910 τεκμήρατο
791 2833 889 2891 πᾶσαν
912 2824 1026 2914 ἀοιδήν.

143 2920 252 3003 Quid?
276 2924 362 3021 quod
386 2943 478 2989 suam
497 2926 539 2991 de
557 2927 693 2993 deorum
715 2938 788 2993 ortu
808 2942 840 2995 et
859 2940 973 2997 natura
986 2937 1141 3019 notitiam,
1155 2935 1257 3000 immo

143 3035 270 3090 omnem
284 3028 474 3111 sapientiam
488 3028 651 3096 Hesiodus
671 3032 805 3097 exordio
821 3031 1063 3122 Theogoniaea
1080 3028 1185 3107 Musis
1204 3061 1257 3104 ac·

142 3116 278 3214 ceptam,
304 3151 441 3218 eamque
465 3134 505 3199 ab
527 3136 676 3200 iisdem
666 3157 776 3203 russus
798 3137 990 3207 decantasse
1011 3163 1049 3211 se
1073 3143 1257 3228 profitetur.

143 3254 239 3317 quam
261 3234 464 3302 traditionem
490 3242 690 3323 posteriores
719 3255 836 3330 poetae
856 3259 1073 3331 susceperunt
1100 3249 1257 3334 varioque

141 3336 237 3401 modo
257 3352 464 3426 exornarunt,
488 3343 588 3408 veluti
609 3345 754 3451 Alcaeus
775 3349 907 3414 Anthol.
930 3350 998 3416 Pal.
1021 3350 1058 3417 Τ.
1077 3351 1101 3418 1.
1130 3373 1164 3438 p
1181 3352 1256 3420 322.

140 3438 203 3506 No.
226 3440 277 3507 55

435 3640 437 3644 Α
502 3548 682 3635 γάλακτιδὲ
703 3552 890 3641 τοιμένες’
860 3566 950 3642 σιγῶν

291 3643 430 3736 ἔρραινον,
452 3659 553 3743 ξανθῷ
573 3655 722 3743 preciperet
745 3656 852 3744 μέλιτι·

240 3753 320 3874 τοίην
342 3752 399 3839 γὰρ
421 3755 471 3824 καὶ
493 3782 582 3845 γηρυν
604 3758 757 3846 ἀτέπνεεν,
780 3761 863 3832 ἐννέα
884 3765 1029 3835 Μουσέων

292 3881 310 3922 υ
297 3855 412 3942 ’τρέσ
412 3861 465 3942 βυτ
486 3867 630 3950 καλλαρυν
651 3864 831 3953 γευσάμενος
852 3869 992 3955 λιβάδων.
1114 3869 1116 3871 ’
1221 3897 1225 3906 ·

140 3955 186 4021 cf.
211 3957 379 4026 Cosmas
369 3984 401 4028 rn
424 3964 511 4030 Maii
522 3966 633 4053 Spicil.
656 3970 694 4039 Τ
716 3971 754 4037 11.
777 3996 810 4060 ρ.
832 3976 907 4043 301.
952 3978 1153 4068 Quinimmo,
1177 4005 1255 4051 vera

139 4062 165 4124 si
188 4072 237 4124 est
260 4061 391 4130 Braunii
424 4071 597 4154 explicatio
620 4078 816 4165 sarcophagi
838 4101 925 4147 nunc
952 4082 1160 4174 Parisiensis,
1191 4091 1255 4155 hoc

137 4168 244 4250 ipsum
269 4185 492 4255 argumentum
514 4179 655 4246 artifices
675 4203 805 4268 quoque
823 4206 917 4252 suum
936 4188 1095 4277 fecerunt,
1119 4213 1150 4257 v.
1169 4193 1252 4258 Buli.

137 4273 278 4336 archeol.
302 4275 395 4343 1849.
418 4301 450 4366 p.
472 4281 526 4347 81.
539 4302 590 4370 sq.
633 4283 820 4374 [arrigitur
841 4311 940 4378 quum
972 4293 1054 4362 haec
1083 4305 1253 4386 poetarum
