2902 4822
760 454 835 536 tat

245 651 370 717 scilicet
399 651 440 713 ah
470 651 551 733 ipsis
582 649 773 734 interpolata
795 659 829 713 et
850 640 891 713 in¹
912 668 1029 714 novam
1051 648 1187 726 formam
1208 648 1353 733 reductu

246 754 344 819 veluti
379 753 504 839 Olymp.
540 751 561 814 Ι.
595 774 627 836 p.
662 754 718 834 18,
749 753 782 816 in
816 771 881 837 quo
911 753 1035 817 scholio
1065 753 1138 836 ipso
1159 750 1356 838 paragraphi

244 858 363 920 mentio
386 857 421 920 lit
444 877 506 922 una
530 878 601 921 cum
626 855 849 940 explicatione,
884 875 978 941 quam
1012 855 1160 920 lubenter
1180 856 1354 937 reddamus

244 960 476 1044 interpolatori.

330 1064 396 1128 lam
420 1085 497 1129 vero
520 1067 549 1129 si
571 1065 612 1128 de
635 1067 819 1128 coniectura
844 1075 953 1128 nostra
977 1064 1151 1129 notationis
1169 1064 1267 1129 huius
1290 1082 1355 1128 nro.-

244 1169 344 1233 tricae
366 1170 587 1233 anctoritatem
618 1168 658 1232 ab
681 1167 871 1232 Aristarcho
894 1168 1101 1251 repetendam
1123 1167 1270 1250 affirmo,
1292 1165 1355 1233 hoc

244 1291 309 1336 non
342 1276 386 1337 ita
410 1271 504 1336 velim
527 1274 721 1356 accipiatur,
759 1282 793 1334 nt
817 1273 888 1356 ipse
910 1272 1060 1334 inventor
1088 1272 1159 1337 eius
1181 1271 1353 1336 habeaturr

244 1398 343 1442 unum
365 1377 429 1441 hoc
451 1389 556 1459 teneo,
581 1375 763 1458 exemplum
786 1373 916 1439 Pindari
938 1375 978 1439 ah
1001 1376 1192 1440 Aristarcho
1208 1385 1355 1439 notatum

243 1500 306 1545 nna
330 1482 432 1565 signis
456 1483 597 1544 metricis
619 1481 690 1545 istis
713 1479 899 1543 distinctum
922 1480 1032 1542 fnisse.
1067 1477 1251 1562 Occuparat
1270 1477 1354 1543 onim

243 1587 336 1648 etiam
368 1585 449 1647 hanc
472 1584 613 1647 muneris
644 1594 768 1667 partem
795 1582 1051 1664 Aristophanes,
1082 1602 1178 1667 quem
1201 1582 1235 1645 in
1257 1579 1353 1646 ador·

243 1687 349 1750 nando
372 1687 512 1750 Pindaro
535 1706 596 1750 suo
620 1688 824 1769 stropharum
848 1697 881 1748 et
903 1684 1174 1768 antistropharnm
1195 1687 1354 1749 rationem

242 1800 376 1854 eatenus
398 1810 543 1871 curasse,
578 1800 612 1852 ut
635 1789 868 1873 respondentes
892 1788 955 1851 sihi
977 1787 1132 1852 articulos
1154 1798 1245 1853 certe
1265 1787 1354 1853 iuda·

242 1904 345 1980 garet,
379 1905 467 1956 recte
502 1892 666 1957 adnotavit
705 1886 893 1956 Boeckhins
926 1890 946 1955 l.
981 1892 1002 1955 l.
1035 1914 1068 1976 p.
1108 1891 1231 1957 XXXl.
1265 1890 1353 1973 (coh

242 2019 273 2080 p.
298 1995 340 2059 X.
363 1999 437 2080 sip).
492 1995 586 2060 Adde
618 1997 705 2080 quod
736 1998 765 2060 is
798 2015 912 2058 revera
946 1996 1048 2079 signis
1080 1997 1200 2061 criticis
1233 1996 1354 2080 paritor

243 2111 340 2184 atque
358 2099 567 2163 Aristarchus
587 2119 667 2163 usus
686 2099 822 2162 videtur.
863 2097 989 2163 Etenim
1007 2099 1039 2161 in
1057 2099 1247 2187 fragmentis
1265 2116 1354 2164 oon·

240 2205 469 2267 montariorum
492 2201 747 2282 Pindarioorum,
783 2221 864 2286 quos
889 2201 1091 2286 Chrysippus
1113 2201 1263 2269 Solensis
1284 2201 1353 2286 plri-

241 2305 408 2388 losophns,
433 2305 612 2369 Aristarchi
634 2307 797 2391 magister,
821 2307 962 2388 scripsit,
986 2306 1027 2369 de
1045 2305 1351 2390 quihusdisputa'vll

241 2409 427 2473 Boeckhins
449 2408 469 2472 l.
481 2408 502 2471 Ι.
527 2431 555 2491 p.
568 2409 637 2490 Xll,
661 2410 756 2473 etiam
780 2410 843 2473 hoo
864 2411 1028 2472 serratum
1050 2408 1091 2472 ah
1110 2409 1222 2473 Schol.
1239 2407 1349 2475 istum

238 2511 290 2596 ΙΙΙ,
315 2513 346 2592 4,
369 2514 428 2575 47:
460 2512 633 2594 Xenocrate<
656 2512 700 2592 δὲ,
723 2512 927 2594 σεσημείωται,
951 2535 1048 2595 φησιν,
1072 2509 1089 2577 ὁ
1114 2508 1280 2586 τόπος·δά
1298 2512 1350 2596 rip

239 2612 346 2699 φράσιν
365 2627 427 2679 eto.
451 2615 504 2678 ubi
523 2615 707 2678 Boeckhins
727 2627 826 2695 recte,
851 2620 982 2698 opinor,
1005 2617 1153 2703 intelligit
1171 2622 1292 2699 oppetes
1313 2617 1350 2681 ll.

238 2719 327 2783 Haec
358 2738 436 2781 vcro
473 2719 595 2782 notatio
626 2720 696 2800 ipsa
729 2739 826 2801 quum
859 2739 877 2782 s
908 2718 1102 2804 Chrysippo,
1134 2720 1228 2784 onius
1262 2719 1350 2785 unlh

238 2842 387 2906 umquam
410 2820 538 2884 Pindari
562 2823 683 2885 exstitit
706 2822 815 2904 editio,
845 2823 990 2906 prolecta
1014 2845 1088 2888 esse
1111 2833 1261 2907 nequeat,
1294 2822 1350 2887 vix

238 2926 324 2990 alind
347 2924 537 3007 relinquitur
567 2945 663 3008 quam
696 2936 729 2988 ut
751 2946 823 2989 eam
846 2925 1062 3009 Chrysippum
1094 2946 1136 2989 ex
1157 2925 1350 2991 recensione

237 3028 465 3110 Aristophanis
499 3028 643 3112 aequalis
676 3029 856 3094 adscivisse
879 3030 1034 3094 dicamus.
1078 3028 1178 3114 igitur
1200 3029 1350 3095 omnibus

237 3131 449 3195 consideratis
473 3132 598 3194 veritati
622 3134 767 3215 proxime
784 3134 976 3197 accedemus
998 3132 1182 3216 statuendo,
1204 3151 1290 3216 opus
1308 3133 1349 3197 ab

237 3234 454 3316 Aristophane
489 3234 672 3298 inchoatum
706 3247 900 3300 retractasse
932 3236 1154 3300 Aristarchum
1186 3248 1219 3300 et
1242 3234 1350 3301 absol·

201 3416 203 3421 Α
237 3337 336 3418 visse,
359 3337 402 3398 ita
426 3347 460 3398 ut
483 3338 610 3420 utrique
632 3337 728 3400 multa
754 3340 934 3402 communia
957 3339 1084 3416 inerint,
1114 3338 1347 3413 crecentiorit

236 3441 390 3521 temporis
412 3437 611 3520 doctoribus,
635 3441 745 3523 quiin
775 3441 961 3506 celebrioris
994 3443 1131 3507 nominis
1153 3441 1346 3507 Aristarchii

236 3543 426 3607 anctoritate
449 3563 486 3606 se
509 3562 667 3625 reponere
689 3544 836 3627 mallent,
862 3565 924 3608 uon
948 3560 1099 3610 accurate
1120 3545 1281 3611 distincta.

738 3707 765 3772 s.
797 3699 848 3763 dl.

411 3824 460 3879 De
495 3825 661 3898 tragicis
693 3826 736 3882 ab
758 3825 987 3882 Aristarcho
1016 3827 1171 3888 notetls.

320 3956 472 4042 Alyricis
487 3961 602 4042 poetis,
622 3979 704 4042 qnos
719 3968 855 4043 utroque
873 3959 1017 4024 modoet
1038 3961 1150 4024 critico
1167 3971 1199 4025 et
1214 3960 1348 4027 metrico

235 4061 457 4126 Aristarchum
477 4075 609 4127 notasse
628 4061 838 4145 ostendimus,
861 4062 1003 4127 defertur
1022 4064 1125 4128 oratio
1140 4063 1182 4128 ad
1199 4063 1348 4129 mamati·

235 4184 304 4247 cos,
328 4186 368 4229 ex
391 4166 508 4249 quilius
530 4167 562 4228 in
576 4165 794 4248 Aristophane
816 4166 941 4230 comico
963 4165 1121 4250 signando
1140 4166 1347 4233 Aristarchus

235 4269 312 4358 quid
333 4267 546 4357 praestiterit,
569 4266 728 4333 illustrare
751 4268 931 4335 studuimus
955 4276 983 4343 δ.
1007 4270 1058 4337 to.
1099 4267 1213 4336 Restat
1240 4281 1276 4337 ut
1294 4268 1347 4337 do
