2902 4822
673 424 750 500 125

162 628 193 681 et
215 619 400 680 immutatae
431 599 560 698 quidem
590 613 747 696 phraseos
778 614 969 696 repetitione
998 624 1157 696 versatur,
1189 635 1272 703 quae

162 722 189 785 si
211 721 243 782 in
266 720 364 783 Iliade
386 719 500 781 crebro
534 717 670 800 reperiri
703 715 851 797 traditur,
885 717 917 778 id
951 716 1038 779 nullo
1070 716 1166 779 modo
1190 718 1272 792 trahi

154 836 269 908 ,potest
294 824 335 888 ad
358 823 435 887 illud
459 844 573 907 genuS,
610 821 697 905 quod
719 822 752 884 in
782 842 819 884 se
840 820 936 886 simul
966 822 1273 911 phrasinmutatam

163 928 277 1008 hahet,
313 927 407 1011 quale
440 926 624 1010 exemplum
658 934 840 1007 praestaret
873 925 907 985 in
941 922 1091 1007 Odyssea
1124 913 1224 1014 lectio¹
1254 946 1274 990 a

162 1028 304 1114 Bergkio
335 1029 528 1092 constituta:
573 1047 639 1110 quo
674 1024 827 1109 loquendi
863 1045 984 1108 genere
1014 1025 1136 1089 nullum
1170 1049 1189 1114 r
1206 1029 1274 1092 rius

164 1144 222 1198 est.
258 1131 367 1214 Atque
389 1131 608 1212 scholiastam‚
633 1151 730 1213 quum
748 1127 958 1212 epanalepsin
973 1129 1004 1191 in
1018 1048 1274 1214 Odysseae'iooo

163 1245 367 1318 agnosceret,
391 1234 431 1297 de
454 1233 524 1297 sola
555 1233 700 1297 eiusdem
733 1232 869 1294 nominis
898 1233 1067 1295 iteratione
1099 1235 1296 1321 cogitasse„

165 1339 234 1401 eius
256 1336 395 1400 ostendit
418 1337 588 1400 adnotatio
606 1337 647 1399 ad
669 1335 845 1397 verborum
867 1351 907 1394 ex
930 1332 1017 1396 lliad.
1042 1336 1070 1413 ζ,
1091 1335 1156 1398 396
1171 1329 1277 1420 ³supra

165 1443 400 1525 exscriptorum
423 1454 616 1507 structuram
639 1438 848 1505 simillimam:
880 1437 967 1519 διπλῆ
991 1435 1068 1520 πρὸς
1088 1435 1277 1521 τὴνέπανά-

165 1546 263 1628 ληψιν,
287 1541 331 1608 ὅτι
353 1542 508 1619 πλεονάζει
531 1541 560 1608 ἐν
580 1539 693 1623 Ἰλιάδι,
727 1538 831 1605 καὶτὸ
854 1547 913 1603 τῶν
936 1536 1079 1603 πτώσεων
1102 1537 1278 1626 ἀκατάλληη

165 1648 224 1727 λον.
269 1647 354 1710 luter
376 1648 678 1732 utramqueigitur
698 1644 929 1726 proprietatem
962 1642 1090 1706 dicendi
1123 1643 1280 1728 distinxit,

165 1735 361 1831 insuperque
394 1751 425 1811 in
461 1761 536 1813 nota
571 1749 766 1832 praemissa,
804 1745 859 1808 ubi
893 1766 1007 1809 rursus
1043 1746 1279 1830 epanalepseos

165 1850 283 1912 mentio
307 1849 389 1912 faeta
414 1861 474 1930 est,
498 1850 580 1915 haue
603 1850 726 1911 monuit
749 1848 869 1911 debere
898 1868 973 1912 esse
1002 1843 1213 1931 ripoldesowe,
1246 1849 1280 1921 id

167 1952 255 2035 quod
287 1952 351 2017 illie
374 1954 482 2017 locum
516 1953 710 2020 nonhabet.
755 1950 895 2014 Prorsus
929 1951 1042 2014 eadem
1075 1953 1198 2036 figurae
1230 1954 1280 2017 vis

168 2078 186 2121 a
208 2058 382 2123 scholiasta
404 2058 485 2123 Ven.
509 2060 605 2122 etiam
627 2058 768 2122 adhibita
790 2056 831 2118 ad
853 2058 933 2120 haee
956 2054 1044 2119 lliad.
1067 2079 1093 2138 s,
1115 2058 1158 2121 75
1180 2078 1229 2141 sq.

237 2208 238 2211 κ
321 2159 496 2246 Εὐρύπυλος
520 2165 548 2226 δ’
570 2159 766 2246 Εὐαιμονίδης
786 2155 939 2245 Ὑψήνορα
961 2162 1037 2242 δῖον,
1102 2232 1104 2237 ,
1196 2204 1198 2208 -
1247 2190 1251 2196 ·

169 2276 200 2330 et
222 2267 351 2330 duobus
375 2267 550 2332 interiectis
574 2268 736 2349 versibus,

322 2369 371 2435 τὸν
395 2370 446 2454 μὲν
469 2366 514 2456 ἄρ’
539 2369 729 2456 Εὐρύπυλος,
753 2367 917 2454 Εὐαίμονος
940 2365 1053 2453 ἀγλαὸς
1075 2369 1155 2452 υίὸς,

171 2476 224 2539 ubi
248 2476 289 2538 ad
312 2486 511 2556 postremum
534 2497 601 2558 vs.‚
636 2477 688 2538 oui
725 2473 810 2558 dipla
843 2474 973 2557 appleta
1003 2485 1069 2565 est,
1100 2477 1133 2539 in
1160 2474 1282 2540 Codice

171 2581 354 2645 adnotatur:
378 2579 455 2664 πρὸς
476 2581 526 2666 vlu
551 2577 731 2664 ἐπανάληψιν
753 2587 805 2644 τοῦ
829 2575 982 2662 ὀνόματος,
1013 2601 1095 2664 quae
1118 2581 1216 2646 verba
1241 2581 1282 2644 ab

172 2683 350 2747 editoribus
375 2684 506 2767 omissa,
530 2705 616 2748 nunc
639 2683 768 2747 demum
791 2683 932 2747 tenebris
955 2696 1065 2767 erepta
1095 2697 1170 2750 sunt
1192 2687 1284 2751 indm

174 2788 251 2848 stria
273 2785 458 2871 Pluygersii
480 2809 511 2870 p.
535 2789 564 2852 8.
612 2787 656 2851 cf
672 2788 766 2850 etiam
790 2784 902 2850 Schol.
918 2785 966 2850 A.
989 2787 1031 2849 ad
1052 2810 1084 2867 π,
1097 2788 1170 2851 467.
1203 2787 1285 2853 Rem

174 2891 302 2953 conficit
326 2889 528 2955 Cocondrius
551 2893 583 2953 iu
607 2889 791 2954 Boisonadii
813 2888 938 2952 Anecd.
963 2889 1017 2954 Gr.
1041 2888 1142 2957 mul.
1165 2913 1196 2975 p.
1209 2891 1284 2973 305,

175 2993 227 3075 qui
255 2993 361 3056 verbis
384 2995 571 3077 praemissis
595 2989 778 3077 ἐπανάληψις
799 2989 861 3056 ἐστὶ
882 3001 941 3057 τῶν
958 2990 1177 3077 προειρημένων
1199 2990 1286 3059 πάλιν

176 3090 207 3167 ἐξ
230 3092 368 3179 ὑπαρχῆς
389 3093 555 3178 κατάλογος
578 3096 716 3178 exempli
739 3096 839 3180 gratia
866 3081 972 3178 ipsum
984 3095 1285 3183 Odysseaeloeum¹

177 3207 304 3259 servata
327 3199 486 3280 scriptura
503 3195 659 3278 Αἰθίοπας,
682 3218 756 3262 cum
778 3195 879 3259 altero
903 3195 1010 3260 lliadis
1034 3218 1131 3280 supra
1155 3196 1286 3262 laudato

177 3323 204 3379 o,
227 3299 300 3362 371.
314 3300 454 3382 subiicit,
479 3300 587 3363 addito
612 3303 707 3364 tertio
729 3299 816 3363 lliad.
841 3321 880 3382 χ,
906 3301 984 3382 127,
1008 3302 1062 3383 qui
1084 3302 1154 3364 eius
1177 3303 1287 3386 utique

178 3404 307 3486 generis
331 3414 397 3486 est,
421 3405 509 3486 quod
532 3405 647 3468 crebro
670 3406 702 3467 in
725 3405 823 3468 lliade
845 3405 979 3486 reperiri
1001 3405 1168 3490 traditum,
1284 3481 1286 3484 ¹

331 3514 376 3592 τῷ
399 3502 592 3590 ὀαριζέμεναι,
616 3506 668 3573 ἅτε
689 3496 837 3591 παρθένος
859 3503 964 3590 ἠΐθεός
985 3531 1033 3587 τε,

335 3610 484 3693 παρθένος
505 3608 612 3696 iniisti<
635 3606 657 3675 τ’
683 3608 833 3695 ὀαρίζετον
856 3608 1034 3695 ἀλλήλοισιν.
1082 3670 1084 3672 ,

180 3715 327 3778 Alterum
360 3733 439 3777 vero
464 3715 644 3798 exemplum
668 3737 709 3778 ex
731 3716 879 3800 Odyssea
909 3715 1014 3778 attulit
1047 3735 1164 3797 nemo,·
1186 3736 1291 3802 neque

181 3818 289 3881 afferri
312 3819 425 3899 potuit,
459 3839 556 3902 quum
579 3820 608 3882 si
631 3820 685 3904 qui
707 3819 817 3901 speeie
841 3816 961 3881 similes
990 3818 1191 3900 reperiantur
1215 3817 1291 3906 loci,

181 3920 203 3983 ii
226 3920 346 3983 diversi
368 3940 403 4000 re
426 3940 503 3985 vera
525 3923 589 3985 sint
611 3942 735 4006 omnes,
759 3919 858 3985 veluti
879 3943 907 4002 γ,
932 3920 1008 3988 155:
1287 3914 1291 3924 ’

287 4078 415 4132 videntur
432 4077 485 4130 vel*
504 4093 520 4128 a
538 4076 677 4146 primitiva
694 4074 797 4142 figurae
824 4079 920 4126 natura
939 4078 1015 4125 certe
1034 4070 1189 4127 abhorrent.
1225 4056 1292 4128 (iem

290 4166 365 4217 nitur
382 4164 521 4235 analepsis
538 4163 567 4216 in
585 4162 727 4216 iteratione
752 4157 875 4213 subiecti¹
896 4174 947 4227 per
969 4158 1123 4215 articulum.
1147 4157 1180 4217 V.
1199 4157 1293 4214 Schol.
1381 4221 1403 4241 Ἴ,

288 4269 311 4321 ο,
330 4254 390 4306 127.
