2902 4822
690 355 757 472 ιε’

163 589 285 673 primus
306 587 472 672 leogoras
494 585 720 673 Syracusanus
743 589 895 673 apposuit
916 586 1100 656 Homericis
1120 587 1275 659 versibus

163 693 203 757 ad
225 693 463 774 separationem
487 691 615 777 Olympi
637 712 656 755 a
679 693 808 770 coelo;a
844 691 945 757 multo
969 713 1047 757 vero
1068 701 1156 761 nuno
1176 717 1273 780 accuf

163 796 263 860 ratius
285 795 408 858 Anecd
432 794 535 860 Paris.
558 816 589 878 p.
611 798 655 860 86
663 818 675 872 :⁴
699 808 757 866 n>
780 796 898 880 Diplen
914 797 1127 880 aperistiktou
1149 800 1278 883 primus·

163 899 326 982 Leagoras
350 897 575 985 Syracusanus
604 901 755 983 apposuit
776 899 957 965 Homericis
990 901 1138 975 versibus
1159 902 1202 966 ad
1221 922 1275 968 se·

153 1004 362 1097 parationem
386 1002 515 1088 Olympi
537 1025 556 1066 a
579 1002 683 1085 coelo,
712 1004 843 1086 proprie
873 1004 1046 1088 Olympum
1076 1005 1117 1069 ab
1150 1025 1279 1090 eopro·

163 1116 272 1171 monte
294 1107 436 1190 positum
455 1106 624 1188 adnotans,
648 1125 807 1189 nusquam
825 1126 884 1189 pro
899 1108 926 1187 ²)
947 1107 1051 1190 coelo,
1075 1109 1163 1192 quod
1173 1104 1281 1194 saepe

163 1207 288 1295 οὐρανὸν
310 1207 396 1294 εὐρὺν
426 1210 512 1273 dicat
545 1220 577 1273 et
598 1207 712 1292 μακρὸν
732 1205 902 1293 Ὄλυμπον,
930 1228 1036 1294 neque
1070 1215 1275 1279 econtrario

164 1324 333 1398 permutat.
377 1313 525 1377 Ponehat
553 1323 659 1375 autem
693 1322 757 1375 tam
786 1313 827 1376 ad
859 1315 977 1380 montis
1007 1316 1301 1400 significationem·

164 1437 260 1500 quam
281 1416 324 1480 ad
345 1416 444 1480 coeli:
467 1428 639 1501 utrumque
664 1417 887 1481 manifestatur
908 1417 1059 1484 voluntas
1081 1421 1182 1484 eius«
1205 1419 1276 1485 Aa

163 1541 277 1584 revera
293 1520 380 1584 lliad.
396 1523 426 1600 6,
448 1520 499 1603 19,
520 1519 655 1602 aliisque
674 1519 756 1584 locis
776 1520 894 1603 multis,
918 1522 972 1603 qui
993 1525 1060 1604 peti
1078 1531 1218 1606 possunt
1231 1542 1276 1587 ex

163 1622 298 1687 Lehrsio
322 1622 499 1687 Aristarch.
522 1644 553 1706 p.
578 1623 651 1706 167,
681 1621 722 1686 de
745 1623 838 1686 coelo
872 1624 924 1687 vel
947 1623 987 1688 de
1016 1623 1155 1707 Olympo
1177 1632 1278 1708 ageni

163 1727 261 1809 tibus,
285 1725 403 1808 diplam
420 1725 612 1809 adscriptam
636 1726 737 1790 fuisse
754 1725 885 1791 Scholia
908 1736 1077 1809 testantur,
1100 1746 1198 1810 quam
1219 1727 1280 1812 qui

163 1828 344 1912 adscripsit,
368 1829 591 1913 Aristarchus,
615 1839 650 1893 ut
672 1832 807 1913 opinor,
830 1830 996 1917 Leugorae
1018 1827 1202 1912 exemplum
1217 1849 1281 1895 ser

164 1942 284 2016 quotus
307 1932 444 2015 videtur,
468 1932 638 1998 discedens
663 1943 698 1997 ut
720 1935 752 1997 in
779 1933 861 2015 aliis,
885 1934 928 1996 ita
951 1934 1047 1997 etiam
1066 1933 1100 1997 in
1123 1931 1238 2000 haere
1254 1953 1282 1998 or

78 2090 83 2094 .
163 2034 343 2119 Zenodoto,
378 2035 419 2100 de
442 2035 619 2101 differentia
641 2036 726 2103 coeli
752 2047 785 2100 et
813 2036 941 2121 Olympi
970 2051 1089 2120 'parum
1120 2034 1282 2119 sollicitos

107 2196 109 2201 .
163 2148 199 2202 ut
229 2138 392 2223 colligitur
421 2160 463 2204 ex
490 2138 820 2223 861101.Λ.γ,364ι
856 2136 981 2224 οὐρανὸν
1009 2136 1110 2223 εὐρὺν]
1141 2137 1285 2223 tumor

163 2241 379 2328 περιεστιγμένη
403 2240 446 2308 ὅτι
468 2241 632 2327 Ζηνόδοτος
660 2240 768 2327 γράφει
790 2242 888 2309 αἰπύν·
918 2243 987 2310 αἰπὺ
1011 2242 1045 2308 δὲ
1069 2242 1140 2328 ὄρος
1162 2240 1197 2308 ἂν
1219 2237 1280 2306 λέ·-

163 2370 252 2430 γοιτο,
275 2345 292 2412 ὁ
316 2345 351 2411 δὲ
373 2345 498 2433 οὐρανὸς
521 2344 625 2431 εὐρύς·
648 2346 775 2431 παρήκει
796 2345 853 2433 γὰρ
876 2355 979 2435 τῇτῇ.
1015 2346 1096 2412 Cum
1116 2363 1182 2430 quo
1199 2344 1274 2409 loco
1298 2393 1301 2397 ›

164 2451 313 2516 conferas
347 2449 516 2514 Lehrsium
543 2471 575 2533 p.
600 2449 672 2512 168.
716 2449 893 2534 Leagoras,
927 2471 1023 2535 quam
1051 2446 1188 2514 no‘minis
1210 2448 1274 2511 lor-

164 2575 250 2619 mam
270 2554 550 2638 Syracusanorum
580 2552 718 2617 dialecto
746 2556 919 2618 convenire
941 2555 1044 2639 magis
1076 2562 1157 2638 puto
1178 2571 1275 2637 quam

164 2656 349 2745 breperato,
373 2677 456 2742 quae
478 2656 661 2720 Atticorum
684 2666 735 2721 est
748 2660 791 2741 ³),
814 2659 965 2742 scriptor·
981 2656 1110 2722 aliunde
1130 2672 1197 2719 non
1218 2670 1276 2718 no·

164 2770 228 2844 tus,
252 2781 348 2845 quem
370 2759 561 2824 delitescere
581 2761 766 2843 suspicatur
776 2760 942 2826 Nauokius
954 2759 1120 2844 Aristoph.
1132 2757 1284 2823 Gramm'

164 2884 197 2946 p.
220 2865 262 2927 16
282 2865 316 2929 in
338 2864 446 2929 Schol.
469 2863 555 2928 lliad.
579 2886 604 2945 e,
627 2865 658 2946 6,
682 2865 738 2928 ubi
760 2864 908 2929 laudatur
936 2861 1105 2949 Κλέανδρος
1132 2858 1276 2946 ὁῦιρα-

164 2965 284 3042 muno<
312 2965 342 3031 ἐν
363 2975 409 3053 τῷ
430 2966 498 3052 περί
520 2964 679 3053 ὁρίζοντος,
702 2978 835 3051 temere,
867 2968 898 3031 si
922 2967 975 3031 vel
1004 2966 1108 3032 solam
1136 2960 1287 3029 hominio

164 3072 372 3134 mutationem
401 3082 541 3153 spectas,
571 3070 653 3135 falso
682 3090 773 3154 vero,
797 3073 825 3136 si
847 3091 928 3137 rem.
973 3067 1054 3134 Nam
1078 3069 1120 3134 de
1143 3068 1276 3133 Oceano

163 3173 219 3256 ihi,
241 3183 359 3236 terram
382 3175 509 3238 termini
529 3174 627 3239 modo
642 3175 801 3259 cingente,
824 3175 940 3260 agitur,
965 3173 1052 3258 quod
1071 3182 1146 3255 apte
1160 3168 1296 3250 tractu·¹

164 3287 231 3342 tum
246 3277 313 3341 *luit
334 3279 366 3342 in
388 3278 472 3343 hhro
495 3278 535 3343 de
557 3279 742 3343 horizonte:
766 3297 902 3362 prorsus
925 3277 1052 3341 diversa
1073 3283 1124 3340 est
1143 3272 1277 3359 Olympi

165 3393 198 3448 et
220 3382 303 3446 coeli
332 3382 512 3448 differentia
541 3381 728 3468 aLeagora
749 3382 783 3444 in
805 3380 948 3446 Homero
970 3389 1091 3462 notata,
1124 3399 1143 3442 a
1171 3375 1275 3443 Scho-

164 3486 258 3552 liasta
280 3487 319 3551 A.
353 3486 443 3554 Iliad.
473 3509 503 3570 a,
526 3486 590 3551 353
612 3485 699 3561 (coll
723 3484 764 3550 ad
797 3505 827 3568 α,
856 3486 910 3568 18)
941 3484 997 3549 ubi
1029 3482 1071 3547 de
1101 3481 1278 3568 allegorice

267 3693 341 3764 quod
366 3707 440 3746 nunc
457 3690 593 3759 vulgatur,
619 3706 655 3744 ne
680 3689 812 3762 loquendi
835 3687 946 3759 quidem
970 3684 1162 3742 consueludini
1184 3699 1290 3756 gram·-

266 3781 427 3833 nraticorum
452 3777 588 3830 convenit.
628 3776 697 3829 Nam
728 3778 775 3847 qui
808 3781 952 3829 exararunt
981 3772 1088 3826 librarii
1118 3768 1191 3842 diple
1221 3767 1278 3845 erpi

267 3864 374 3940 στιγμὴν,
402 3870 557 3935 punctatam
583 3862 692 3916 scilicet
716 3861 916 3931 intelligentes,
943 3860 972 3914 hi
990 3866 1066 3913 certe
1084 3855 1207 3912 scrihere
1226 3855 1276 3911 de·

267 3951 392 4016 buerant,
411 3948 436 4002 d.
454 3947 641 4022 περιεστιγμένη.
677 3946 715 4001 At
732 3948 819 4017 agitur
834 3946 868 4001 de
887 3945 961 4018 dipla
978 3943 1148 4020 ἀπεριπίιιτῳ.

216 4055 244 4125 2)
263 4055 329 4111 Ood.
349 4069 433 4127 prae.
470 4051 594 4106 Correxit
626 4048 768 4104 Nauckius
795 4048 937 4120 Aristoph.
956 4048 1049 4104 Gram.
1071 4066 1098 4124 p.
1120 4048 1160 4117 to,
1178 4045 1226 4120 qni
1249 4050 1277 4100 et

267 4159 330 4197 mox
343 4143 487 4215 permut
504 4154 554 4211 pro
568 4141 713 4211 permutat
730 4138 850 4210 scripsit.

216 4245 246 4320 3)
263 4245 299 4306 V.
317 4241 442 4320 exempla
458 4240 544 4319 Papio
560 4247 652 4300 notato
669 4239 796 4299 ernust.
814 4236 888 4295 Nub.
906 4237 965 4296 too.
