2902 4822
626 398 703 495 127

104 585 160 649 uhi
189 583 306 651 Schol.
320 586 369 659 D.
401 589 607 672 συλληπτικῶς
633 589 783 679 πέρρακεὋ
811 593 902 680 μόνος
930 595 986 683 γὰρ
1020 596 1038 664 ὁ
1067 597 1216 684 Διομήδης

105 689 216 772 ὤφειλε
238 689 368 775 σκάζειν,
391 691 468 758 κατὰ
488 701 540 758 τοῦ
561 705 672 782 ταρσοῦ
694 697 885 783 τετρωμένος,
908 699 1037 786 όμέντοι
1049 697 1216 778 Ὀδυσσεὺς

103 792 153 877 τήν
187 791 327 878 πλευράν,
360 798 477 882 quihus
511 801 575 862 iam
607 811 696 882 patet
726 802 861 867 aliorum
897 805 1076 869 doctrinam
1097 827 1216 890 sapere

56 881 63 890 ⁸
105 918 187 981 quae
211 901 363 963 continuo
386 902 617 967 subiiciuntur:
652 901 677 968 εἰ
699 905 738 991 μή
762 903 838 970 κατὰ
852 907 1034 992 συμπάθειαν
1046 919 1105 975 τῶν
1116 920 1222 995 μερῶν

106 1001 239 1088 δόξαιμεν
262 1001 350 1068 αὐτὸν
370 1012 455 1070 τοῦτο
477 1004 662 1073 πεπονθέναι.
707 1010 743 1073 ln
770 1011 954 1095 syllepseos
984 1016 1141 1097 exemplis
1163 1016 1215 1079 hie

105 1105 198 1170 loeus
232 1095 403 1192 apponitur
434 1111 474 1173 ah
510 1109 694 1189 Herodiano
725 1112 766 1175 de
795 1113 848 1198 fig.
880 1136 912 1198 p.
935 1116 988 1198 59,
1019 1137 1092 1182 oum
1120 1127 1213 1181 nota:

104 1210 228 1277 πιθανὸν
251 1211 308 1297 γὰρ
330 1210 366 1299 ἧν
388 1211 485 1280 αὐτῶν
507 1215 557 1280 τὸν
580 1215 680 1299 ἕτερον
703 1214 835 1298 σκάζειν,
857 1217 908 1283 τὸν
935 1218 1011 1285 κατὰ
1032 1228 1084 1286 τοῦ
1104 1230 1222 1307 ταρσοῦ-

67 1301 77 1319 '
104 1313 294 1400 τετρωμένον.
348 1317 502 1384 Eiusdem
527 1322 661 1384 rationis
692 1330 742 1383 est
769 1342 795 1401 τ,
826 1322 884 1385 49:
914 1323 999 1406 ἔγχει
1026 1321 1216 1409 ἐρειδομένω,

105 1421 160 1483 uhi
182 1419 292 1485 Schoi.
315 1422 354 1485 A.
378 1422 397 1507 ή
421 1425 522 1508 διπλῆ,
546 1421 590 1488 ὅτι
621 1426 828 1506 συλληπτικῶς
854 1422 986 1508 εἴρηκεν·
1017 1424 1034 1492 ὁ
1065 1426 1121 1512 γὰρ
1143 1431 1216 1496 Διο-

105 1521 202 1607 μήδης
223 1521 313 1607 μόνος
334 1525 383 1617 τήν
405 1525 486 1591 πόδα
506 1525 687 1612 τετριμμένος
710 1523 871 1610 ὑπέρεισμα
892 1528 958 1611 ἐ’χει
979 1529 1014 1594 τὸ
1037 1529 1122 1616 δόρυ.
1163 1535 1215 1597 Ah

105 1626 220 1710 eodem
239 1627 424 1701 Herodiano
447 1632 468 1694 Ι.
491 1632 511 1694 Ι.
535 1630 739 1722 subiungitur
763 1651 782 1707 ι,
804 1630 845 1692 5:

257 1728 372 1816 Βορέης
393 1730 443 1797 καὶ
465 1730 608 1816 Ζέφυρος,
629 1727 672 1794 τώ
696 1751 727 1792 τε
751 1726 910 1814 Θρῄκηθεν
934 1731 1032 1815 ἄητον.

104 1831 203 1909 Μόνος
230 1831 286 1919 γὰρ
321 1833 475 1922 ὁςΒορέας
508 1833 568 1903 dnh
593 1830 717 1920 Θρᾴκης
739 1829 847 1898 turiei.
890 1835 985 1917 Quod
1018 1839 1049 1902 in
1082 1842 1219 1907 scholiis

105 1935 286 2003 Homericis
308 1939 444 2003 traditur
466 1940 506 2004 ah
530 1939 600 2002 aliis
623 1939 845 2020 συλληπτικῶς,
878 1939 919 2000 ab
948 1940 1018 2004 aliis
1039 1946 1215 2028 συνεκδοχι-

104 2049 169 2116 κῶς
192 2042 311 2111 dietum
335 2064 420 2117 esse.
464 2043 591 2108 Rursus
611 2042 697 2105 aliud
720 2042 864 2105 eiusdem
887 2043 1011 2126 figurae
1034 2048 1216 2130 exemplum

104 2133 198 2209 affert
219 2145 351 2231 Trypho
384 2149 418 2210 in
439 2146 590 2212 Boisson.
614 2145 738 2210 Aneed.
761 2144 797 2208 T.
821 2144 872 2208 m.
908 2168 941 2229 p.
963 2149 1028 2212 282
1057 2149 1098 2214 ex
1127 2150 1215 2216 lliod.

104 2274 134 2332 κ,
156 2251 238 2315 561:
270 2249 320 2315 τδν
341 2247 577 2335 τρισκαιδέκατον
607 2249 719 2330 σκοπὸν
749 2246 874 2332 εἵλομεν,
906 2252 1023 2334 quihus
1057 2255 1214 2338 adiungit:

104 2354 291 2427 καίτοιτοῦ
314 2353 479 2438 Διομήδους
500 2350 603 2437 μόνον’
611 2349 697 2415 αὐτὸν
721 2348 875 2435 [Δόλωνα]
900 2350 1061 2428 ἀνελόντος.
1105 2356 1216 2424 Schol.
1274 2373 1277 2383 ‘

104 2456 144 2519 A.
166 2456 310 2541 ήδιπλή,
332 2453 375 2537 ότι
396 2465 457 2530 τοῖς
479 2454 599 2520 δώδεκα
619 2451 713 2539 Θρᾳξὶ
737 2452 786 2517 τὸν
809 2451 934 2538 Δόλωνα
956 2453 1123 2540 ἐπαριθμεῖ,
1145 2481 1216 2543 χω-
1281 2534 1288 2547 s

104 2561 189 2644 ρίσας
206 2559 255 2626 τὸν
270 2557 375 2646 Ῥῆσον
399 2558 447 2624 διὰ
462 2568 521 2623 τῶν
541 2555 780 2644 προσειρημένων
799 2556 869 2639 ,,τδν
890 2556 923 2622 δέ
939 2583 1004 2643 σφιν
1025 2558 1123 2626 ἄνακτ’
1136 2560 1214 2646 ἄγα-

59 2720 76 2731 ..
105 2647 353 2749 θὸςΔιομήδης.“
387 2664 541 2748 Sequitur
557 2664 694 2728 alterum
708 2663 795 2746 apud
807 2662 1013 2747 Tryphonem
1032 2669 1214 2752 exemplum

105 2791 146 2834 ex
176 2769 344 2852 Thersitae
374 2789 524 2835 sermone
554 2770 688 2852 petitum
717 2767 745 2847 β,
774 2766 855 2828 228:
891 2761 943 2829 εἴτ’
978 2765 1012 2831 ἂν
1041 2768 1223 2854 πτολίεθρον.

106 2872 237 2959 ἕλωμεν,Ι
256 2874 311 2936 uhi
338 2874 524 2937 adnotatur:
556 2873 783 2955 σογκαταριθμεῖ
813 2868 915 2935 ἑαυτὸν
945 2877 1007 2944 τοῖς
1039 2867 1216 2955 ἀριστεῦσιν,

106 2966 234 3062 ἀσθενής
268 2975 319 3043 καὶ
352 2972 510 3058 οδδαμινδς
541 2971 703 3057 τυγχάνων.
759 2973 822 3054 Qui
858 2973 986 3057 quidem
1019 2973 1111 3039 locus
1144 2977 1227 3040 sino·

107 3083 191 3167 dipla
212 3085 247 3159 in
267 3081 408 3147 Scholiis
431 3081 606 3143 dimittitur.

192 3187 266 3252 Alia
289 3187 332 3270 fig
313 3206 392 3248 rura
413 3195 463 3249 est
484 3206 539 3247 κατ
535 3178 687 3267 ἐξοχήν,
722 3182 763 3247 de
786 3202 850 3267 qua
871 3179 1076 3260 Herodianus
1099 3205 1130 3266 p.
1154 3183 1214 3248 6οι

73 3302 78 3312 “
106 3294 211 3376 γίνεται
246 3288 314 3355 ὅταν
346 3297 405 3352 τῶν
435 3285 464 3352 ἐν
494 3312 537 3374 up
570 3310 658 3372 κοινιρ
691 3271 842 3372 ρηθέντων
874 3282 936 3370 ἰδίᾳ
965 3280 1033 3351 καθ’
1067 3286 1224 3416 ὑπεροχήν,

106 3401 282 3483 μνησθῶμεν
304 3401 409 3458 τινῶν

209 3497 284 3573 Ζεὺς
307 3491 335 3562 δ’
357 3493 463 3562 ἐπὶ
429 3519 479 3562 ουν
502 3491 613 3580 Τρῶές
632 3516 666 3559 τε
686 3490 736 3558 καὶ
750 3489 885 3577 Ἕκτορα
906 3460 991 3577 νηυσὶ
1011 3450 1166 3564 πέλασσεν.

107 3601 151 3678 εἷς
173 3598 230 3687 γὰρ
263 3598 313 3725 ήν
320 3622 379 3663 των
410 3595 525 3682 Τρώων
547 3617 608 3687 και
640 3591 656 3659 ὁ
684 3592 819 3679 Ἕκτωρ,
851 3591 913 3681 ιδίᾳ
947 3592 981 3658 δὲ
1014 3586 1136 3678 εἴρηται,
1172 3588 1217 3659 ὅτι

107 3704 246 3792 ἄριστος
266 3701 331 3784 καὶ,

210 3807 245 3874 οὔ
268 3805 324 3891 γὰρ
347 3799 389 3870 ἔτ’
413 3799 521 3931 Οἰνήρς
543 3782 743 3886 μεγαλήτορος
765 3795 882 3874 υἱέες
863 3820 957 3885 ησαν,
1167 3867 1169 3871 ,

210 3907 274 3980 οὔδ’
298 3906 344 3997 ἄρ’
368 3904 410 3975 ἔτ’
418 3905 524 4000 ουτος
543 3908 608 3990 ἔην,
631 3904 744 3971 θάνεδ
728 3903 762 3970 δὲ
788 3902 897 3978 ξανθὸς
902 3898 1103 3993 Μελέαγρος
1167 3971 1169 3974 ,
1223 3917 1228 3923 ’

108 4013 243 4103 δπερ’
214 4040 248 4083 ου
276 4014 432 4098 νοήσαντες
461 4009 489 4075 οἱ
515 4006 653 4092 νεώτεροι
684 4008 733 4073 τὸν
765 4004 954 4098 Μελέαγρον,
984 4001 1159 4110 ’Aoede’
1139 4033 1229 4093 οντα,
1338 3984 1343 3998 .

107 4121 295 4206 κεχωρίσθαι
316 4140 374 4182 των
382 4109 526 4181 Ὀνειδῶν
548 4113 663 4184 ἔδοξαν.
694 4111 746 4175 Ad
765 4110 993 4194 posteriorem
1001 4091 1108 4176 Ιόουιο
1128 4111 1217 4182 lliad
1352 4115 1353 4118 ’

108 4226 137 4308 β,
157 4219 366 4293 dethchol.
389 4219 429 4285 A.
465 4213 807 4300 δτιΖηνήδοτοςτοῦτον
829 4209 950 4309 καὶτὸν
971 4195 1218 4299 έξηςήθέτηκεν,
