2902 4822
745 426 826 507 tta

227 626 378 689 novimus
399 646 442 691 ex
464 625 574 692 Schol.
596 624 685 688 Iliad.
707 646 737 707 s,
760 622 840 688 118:
864 625 906 689 de
928 627 1015 692 curis
1044 631 1116 694 aius
1139 629 1172 694 in
1193 630 1349 716 Odyssea

227 731 344 814 posits
365 731 487 797 criticis
509 732 586 797 nihil
618 731 660 794 ad
683 750 744 794 nos
766 730 936 814 perlatum.
969 730 1086 818 Neque
1107 734 1269 821 generalis
1290 734 1349 799 illa

228 832 262 899 et
283 834 433 920 ambigua
464 842 520 921 τῆς
541 836 692 922 ποιήσεως
711 832 895 919 appellatio,
929 854 992 919 qna
1005 880 1011 903 ,
1026 845 1141 901 auctor
1169 856 1251 902 usus
1282 846 1348 921 cat,

228 942 406 1005 sententiae
444 953 576 1007 nostrae
609 941 722 1024 obest,
767 937 1028 1025 quandoquidem
1045 938 1193 1004 iliadem
1224 938 1349 1005 Strabo

227 1064 358 1131 quoqne
376 1041 515 1132 Ὀμήρου
535 1045 652 1130 ποίησιν
674 1043 863 1128 simpliciter
891 1044 1076 1128 appellavit,
1109 1044 1192 1109 Xlll.
1214 1066 1249 1130 p.
1270 1044 1348 1111 594.

227 1148 338 1215 Soliol.
360 1147 449 1215 Harl.
470 1148 592 1234 Odyas,
614 1170 643 1230 a,
666 1148 730 1212 337
752 1149 784 1211 in
807 1145 951 1212 Crameri
972 1148 1099 1215 Anecd.
1120 1149 1197 1216 Par.
1226 1146 1264 1214 Τ.
1287 1152 1348 1217 ΙΙΙ.

227 1257 358 1341 palm:
380 1253 415 1321 τὸ
438 1251 526 1330 οἶδας
547 1252 583 1320 οὐ
606 1250 979 1340 ἐχρήσατοὸποιητής...
1002 1249 1144 1319 ἐνούθενὶ
1165 1250 1347 1339 [muratel]

228 1357 285 1446 γὰρ
314 1368 373 1427 τῶν
404 1359 552 1446 ποιήσεων
567 1388 569 1393 ’
583 1357 733 1465 ἐχρήσατσ
759 1356 795 1422 τὸ
818 1352 914 1439 οἶδας,
944 1355 998 1421 ubi
1027 1354 1104 1421 Ilias
1134 1366 1167 1420 et
1195 1355 1349 1442 Odyssea

227 1465 458 1551 significantur.
501 1464 614 1549 ltaque
644 1481 727 1548 quae
755 1463 819 1525 iam
843 1460 883 1524 de
911 1460 974 1525 hac
1003 1459 1120 1545 ποιήσει
1146 1468 1348 1545 enarrantur,

227 1568 383 1637 credibile
405 1577 472 1651 est,
494 1589 534 1634 ea
555 1568 597 1632 ad
619 1569 775 1633 rationem
797 1564 1348 1638 Iliadisdcsoribendamaucmrsm

227 1674 434 1759 applicuisse.
468 1671 536 1738 Sed
558 1673 776 1739 confitendum
798 1682 859 1755 cst,
882 1671 966 1736 lianc
984 1672 1229 1758 argumentandi
1248 1672 1349 1737 ratio-
1445 1758 1448 1763 .

229 1798 304 1844 nem
324 1779 454 1843 nonime
476 1788 597 1843 certam
619 1798 712 1863 esse,
744 1779 822 1864 quin
843 1786 1010 1842 auctorem
1032 1796 1107 1841 oum
1128 1776 1229 1842 Iliade
1250 1778 1349 1843 etiam

227 1882 411 1968 odysseam
445 1882 551 1947 animo
582 1882 786 1966 complexum
818 1900 894 1946 esse
927 1881 1033 1966 putari
1060 1882 1213 1965 potuerit,
1253 1900 1349 1964 prac-

226 1988 339 2053 sertim
360 1987 393 2051 in
414 1988 455 2053 iis
483 2008 566 2074 quae
600 1995 745 2052 extremo
777 1987 964 2051 afferuntur.
1005 1983 1145 2050 'l'ractati
1166 1987 1350 2073 argumenti

227 2091 377 2178 biparffla
397 2093 481 2156 ratio
503 2100 564 2174 eat,
586 2090 637 2157 his
659 2092 769 2157 verbis
791 2102 966 2176 concepta:

316 2196 359 2278 1.)·
375 2195 435 2281 Τὴν
457 2193 491 2259 δὲ
512 2193 628 2278 ποίησιν
651 2191 903 2277 ἀναγινώσκεσθαι
923 2192 1000 2269 ἀξιοῖ
1019 2190 1166 2279 Ζώπυρος
1186 2190 1205 2260 ὁ
1226 2190 1350 2280 Μάγνης

228 2295 343 2368 Αἰολίδι
364 2295 531 2387 διαλέκτῳ·
552 2296 587 2363 τὸ
610 2293 636 2362 δ’
659 2295 734 2364 αὐτὸ
756 2297 807 2366 καὶ
827 2300 1016 2384 Δικαίαρχος.

314 2408 351 2483 2)
380 2403 420 2471 At
447 2400 544 2490 μέντοι
569 2398 722 2490 §attollat
751 2403 830 2470 κατὰ
863 2401 1020 2491 συνάφσισν
1049 2402 1178 2490 tautam,
1205 2402 1349 2488 νισριννίδι

226 2511 303 2601 μόνῃ
324 2507 573 2594 διαστελλόμσναι,
594 2509 681 2594 ἄλλῳ
705 2500 732 2576 δ’
754 2505 860 2576 οὐδενί.

312 2615 435 2681 Harum
466 2615 606 2698 partium
634 2615 698 2678 iam
730 2623 919 2698 argumenta
950 2610 1078 2699 singula
1109 2628 1172 2696 age
1205 2608 1348 2675 seorsim

227 2741 355 2808 suoque
376 2719 530 2806 quodque
552 2717 667 2783 ordine
689 2728 722 2784 et
743 2718 888 2803 pondere
909 2719 1140 2784 examinemus.

738 2881 767 2947 l·
796 2874 847 2940 84.

560 3000 613 3059 De
642 3000 815 3075 Odyssea
842 3001 1013 3063 Aeolios.

313 3141 352 3203 ln
373 3133 530 3203 Aeolicus
561 3136 625 3202 iam
646 3135 766 3226 lliatlis,
795 3136 888 3201 cuius
910 3138 1054 3202 notitiam
1077 3135 1216 3222 aliquam
1238 3134 1349 3203 Anco·

227 3244 295 3311 doti
327 3241 453 3308 auctori
476 3238 643 3321 dehemus,
675 3242 779 3325 primo
811 3243 968 3306 rationem
999 3242 1211 3327 inquisitoris,
1246 3260 1348 3326 want

226 3347 335 3414 nullus
358 3356 515 3426 veterum,
547 3355 583 3409 ut
606 3344 684 3428 dixi,
708 3346 779 3410 cius
801 3349 996 3412 mentionem
1012 3348 1137 3429 fecerit,
1160 3364 1203 3409 ex
1219 3344 1347 3411 rasore

226 3452 321 3519 nobis
352 3451 470 3515 nisum·
493 3459 562 3534 est,
598 3461 789 3533 anteaquam
824 3450 951 3536 singula
982 3450 1156 3516 testimonii
1182 3458 1346 3513 momenta

226 3555 465 3642 expendamus,
501 3554 541 3618 de
575 3553 725 3638 Odyssea
758 3553 892 3618 Aeolica
924 3555 1022 3620 modo
1057 3553 1187 3619 laudata
1221 3551 1346 3636 videre,

225 3660 330 3748 qualis
361 3658 459 3724 suerit
493 3670 526 3724 ct
554 3680 598 3724 ex
628 3659 758 3745 cognita
791 3660 861 3724 cius
892 3658 1087 3741 conditione,
1121 3676 1218 3741 quam
1238 3655 1348 3721 adhue

226 3784 293 3831 non
313 3764 390 3828 novi
412 3765 492 3829 satis
514 3764 718 3845 illustratam,
747 3763 902 3848 numquid
924 3762 966 3827 ad
988 3760 1247 3848 perspiciendam
1272 3758 1348 3825 llis-

225 3870 276 3935 dis
308 3867 465 3934 Aeolioac
498 3870 658 3933 rationem
679 3869 854 3933 lucremur.
901 3870 951 3931 Ac
986 3868 1142 3941 Aeolicae
1172 3864 1346 3949 Odysseae

224 3974 421 4039 mentionem
443 3973 523 4038 solis
546 3972 729 4038 scholiastis
752 3971 934 4039 Homericis
957 3973 1143 4051 debemus,
1163 3969 1220 4054 qui
1240 3968 1346 4035 tribus

223 4078 305 4144 loeis
340 4089 650 4160 commemorarunt,
694 4077 879 4163 singulatim
912 4074 1142 4144 examinandis.
1194 4072 1230 4153 Β,
1262 4072 1344 4137 280:

223 4180 257 4259 a<
278 4182 383 4267 δίφρον
411 4177 446 4246 δέ
477 4175 506 4266 μ’
537 4181 609 4258 ἕσας
638 4179 722 4268 ἄγεν]
754 4180 842 4248 Harl.
873 4177 911 4247 Ἦ
941 4177 1068 4265 ciuitati,
1096 4173 1151 4262 „te
1179 4170 1286 4263 δίφρον
1315 4166 1343 4243 8

224 4285 365 4372 mtew‘,
388 4281 550 4368 ἀναγαγών.
