2902 4822
695 349 756 497 aa

174 606 351 690 litterarum
373 622 453 669 usus
476 599 583 667 tactus.
602 600 656 680 sit,
688 619 772 684 quae
801 599 842 686 ab
865 598 1073 684 Hippocratis
1104 618 1186 682 aevo
1209 598 1285 681 alie·

164 695 606 795 Ι111111111111111111111111,
629 700 745 767 utalia
765 696 904 783 taceant,
923 699 1006 789 sigla
1029 690 1079 769 est
1100 699 1155 764 illa
1178 702 1285 784 quaO

163 798 241 879 etl
253 813 287 877 in
302 803 402 875 unum
419 808 537 892 ligatae
548 816 632 871 suut.
665 803 717 869 Ex
735 806 855 873 reiam
876 825 951 869 esse
970 805 1097 871 videtur
1115 805 1173 873 bas
1193 814 1287 886 notas

164 933 248 988 ,curn
281 909 550 998 explicationibus
581 911 726 994 ipsarum
760 898 936 996 apponere,
971 908 1202 995 aGalencgp.
1224 908 1285 973 611

159 1009 216 1095 'ita
239 1012 416 1093 exhibitas:
438 1011 565 1099 Ἧγεῐται
587 1011 637 1098 μὲν
660 1010 711 1078 οὖν
733 1012 870 1081 ἁπάντων
892 1015 927 1098 τὸ
939 998 1000 1100 ’τὴν
1023 1013 1176 1100 διάμετρον
1188 1038 1286 1100 γραμ-

171 1117 230 1204 μὴν
254 1119 440 1202 ἔχον-1111),
468 1126 606 1203 σημαῖνον
629 1115 676 1183 ἀεὶ
696 1119 730 1184 τὸ
754 1118 891 1187 πιθανόν·
908 1123 1084 1202 :retenentur
1108 1113 1133 1184 δ’
1167 1121 1232 1206 ἤτοι
1252 1121 1286 1186 τὸ
1362 1155 1363 1158 “

163 1247 190 1298 ῥ1
212 1220 333 1308 γράμμα
355 1222 486 1304 φαίνεται
507 1219 703 1305 γεγραμμένον
725 1221 744 1306 ἢ
766 1223 800 1287 τὸ
824 1228 858 1288 θ’
882 1223 922 1306 τὸΙ
939 1216 1110 1307 μὲνὺγείαν
1126 1227 1165 1306 ⁶),
1194 1224 1229 1299 τὸ
1248 1224 1287 1299 ,δὲ

161 1323 298 1412 7,θαίνατον
321 1335 458 1409 σημαῖνον
476 1327 513 1404 l),
536 1325 704 1409 ἔμπροσθεν
728 1319 755 1390 δ’
770 1323 867 1390 αὐτῶν
890 1324 906 1390 ὁ
929 1335 988 1391 τῶν
1007 1326 1126 1411 ἡμερῶν
1147 1323 1286 1411 ἀριθμὸς,
1370 1356 1373 1363 ‘

172 1426 204 1492 ἐν
228 1425 277 1502 αἷς
299 1424 478 1513 ἐνόσγγσενῆ
508 1425 652 1493 ἀπέθανεν
685 1426 858 1514 ὁκαίμνων·
892 1431 920 1496 οἱ
942 1427 967 1494 δ’
992 1429 1021 1496 ἐν
1037 1438 1082 1517 aqi
1094 1432 1202 1514 μεταξὺ
1214 1431 1287 1496 τού-

226 1632 255 1692 ὅ)
274 1627 439 1687 Accuratius
457 1630 568 1700 figuram
588 1632 660 1686 idem
678 1649 760 1704 supra
778 1651 803 1704 p.
821 1638 868 1687 601
892 1635 1095 1706 descripserat:
1127 1633 1216 1688 τούτων
1236 1646 1284 1687 τῶν

164 1718 168 1721 ’
275 1713 434 1789 χαρακτήρων
458 1714 470 1768 ὁ
493 1728 587 1791 πρῶτος
603 1716 630 1772 τὸ
648 1718 749 1772 πιθανὸν
768 1717 848 1793 δηλοῖ,
873 1719 913 1773 διὰ
930 1729 971 1774 τοῦ
998 1742 1021 1787 rt,
1034 1721 1174 1796 γράμματος
1190 1725 1285 1796 γραφό-

276 1817 353 1872 μενος,
372 1799 446 1871 μέσην
464 1795 539 1876 ὀρθὴν
559 1802 654 1876 ἔχόντος
671 1805 793 1881 γραμμὴν,
818 1807 918 1881 ἑκατέρα
940 1819 988 1860 τῶν
1012 1805 1092 1860 ἄλλων
1110 1807 1285 1882 παραλλήλων,

277 1884 329 1940 rios
347 1887 404 1940 teu
420 1887 536 1961 γράφωσι
553 1890 580 1942 τὸ
599 1898 715 1961 σημαῖνον
739 1891 779 1945 τὸν
791 1886 852 1945 Ιτῶν
869 1891 1021 1946 emaceratos
1045 1891 1156 1968 ἀριθμόν.
1190 1892 1232 1946 Ex
1250 1911 1284 1947 ea

275 1973 372 2040 forma,
399 1991 451 2043 qua
474 1975 556 2044 vulgo
576 1991 707 2032 numerus
725 1987 847 2041 extremo
872 1981 1084 2056 comparationis
1108 1981 1194 2048 gratia
1214 1981 1284 2033 alla-

272 2067 322 2123 ¹tus
335 2060 479 2127 scribatur,
498 2063 533 2115 ad
551 2063 769 2133 pernoscendam
788 2067 859 2133 signi
878 2064 1066 2136 Hippocratici
1084 2063 1197 2132 figuram
1216 2065 1283 2120 nibil

281 2145 395 2210 efficias,
413 2161 445 2198 ac
464 2147 612 2200 mirandum
633 2157 707 2203 esset
731 2151 754 2202 si
773 2160 930 2204 convenrrct
956 2168 1017 2202 curn
1037 2167 1069 2203 ea
1089 2149 1184 2218 figura,
1203 2168 1283 2222 quam

277 2231 429 2299 designavit
457 2231 705 2304 Galenus,su1npi,
726 2252 779 2305 quo
804 2237 880 2289 illum
900 2253 1040 2289 numerum
1067 2237 1222 2306 exprimere
1241 2253 1282 2290 so-

276 2318 342 2383 lent,
360 2333 444 2386 quum
465 2318 599 2372 Galenum
618 2320 699 2372 aliam
712 2329 806 2389 uotam
824 2338 841 2373 a
866 2322 972 2389 vulgari
992 2322 1128 2375 diversam
1147 2324 1175 2379 iu
1193 2331 1283 2374 ruente

273 2403 412 2469 babuisse,
432 2423 465 2457 ex
484 2403 570 2456 verbo
592 2407 653 2476 ipso
673 2405 729 2459 ἔνιοι
752 2414 830 2459 certo
853 2406 976 2476 prodeat.
1012 2406 1175 2471 Quaerere
1195 2406 1283 2459 altera

273 2491 321 2544 iila
344 2491 432 2545 forma
455 2490 539 2545 suerit
565 2492 669 2560 ignoro.
713 2491 771 2546 Sed
792 2493 861 2545 mira
883 2493 1050 2562 loquacitate
1068 2493 1194 2563 pluribus
1212 2492 1284 2545 locis

273 2578 396 2632 Galenus
413 2576 526 2646 figuram
544 2581 615 2648 signi
633 2577 822 2649 Hippocratici
839 2578 939 2633 iisdem
957 2595 1046 2649 paene
1070 2577 1164 2632 verbis
1180 2577 1284 2631 descri-

272 2661 321 2728 bit,
341 2680 369 2734 p.
389 2667 449 2717 1117.
480 2664 520 2717 Ex
543 2665 643 2735 quibus
666 2664 809 2718 conficitur
831 2664 977 2718 baecuota
996 2665 1021 2732 γῂ
1041 2665 1088 2719 vel
1107 2674 1143 2723 tlt.
1174 2668 1283 2742 Quippe

271 2751 419 2805 littoraell
448 2751 552 2805 formae
577 2751 751 2808 inserebatur
776 2754 846 2817 iota,
876 2751 1104 2821 quemadmodum
1131 2759 1160 2808 in
1185 2759 1283 2813 similis

271 2839 381 2906 generis
412 2836 491 2906 siglis
519 2848 544 2899 tq
577 2836 691 2905 (πόδας),
722 2843 748 2922 [ᾖ
778 2835 847 2912 (πρὸ,
874 2838 954 2906 mate)
985 2839 1070 2893 scribi
1100 2841 1223 2908 solitum,
1255 2862 1281 2901 v.

272 2923 365 2978 Maffei
390 2925 489 2979 Graec.
515 2924 578 2992 sigl.
601 2923 715 2995 lapidar.
739 2942 766 2996 p.
790 2927 825 2976 bt>
849 2929 876 2977 et
899 2927 942 2989 96,
971 2932 999 2978 et
1016 2926 1071 2978 alia
1094 2928 1195 2981 similia
1220 2945 1281 2998 per·

273 3010 366 3064 multa.
403 3010 469 3064 lude
493 3012 633 3064 aestimari
650 3017 753 3081 potest,
775 3009 846 3063 falso
865 3011 892 3064 in
912 3018 1039 3065 contextu
1058 3010 1156 3066 Galeri
1179 3032 1207 3066 αι
1232 3030 1281 3067 ex·

273 3095 379 3161 biberi,
408 3097 480 3168 quod
505 3097 615 3167 quidem
634 3096 668 3149 ad
686 3099 805 3152 litteram
828 3098 895 3165 (πῖ),
912 3097 1022 3151 minime
1040 3114 1108 3152 vero
1126 3098 1161 3152 ad
1179 3097 1281 3152 erbasis

275 3182 472 3252 designandum
490 3190 582 3254 aptum
600 3182 658 3238 suit.
699 3221 702 3228 -

164 3305 168 3310 ·
220 3290 251 3353 6)
270 3285 312 3340 Cf.
327 3284 424 3341 Galen.
435 3304 461 3357 p.
473 3289 533 3341 601.
568 3285 669 3339 Eadem
686 3292 821 3357 potestate
838 3289 919 3340 etiam
933 3289 1100 3358 posteriores
1121 3287 1279 3341 litteramt

273 3389 420 3444 usurpasse
445 3373 619 3442 cognoscitur
643 3389 676 3426 err
701 3371 798 3425 isidori
815 3372 887 3439 loco,
907 3371 940 3426 de
958 3389 1014 3443 quo
1040 3380 1167 3428 accurate
1187 3373 1276 3444 dispu-

273 3460 340 3512 tarit
357 3457 505 3514 Reinesius
523 3457 588 3514 Var.
607 3460 670 3515 lect.
688 3458 709 3523 1,
728 3462 755 3514 ⁷.

219 3560 249 3628 7)
269 3559 310 3616 Cf.
330 3561 426 3616 Galen.
445 3580 471 3632 p.
490 3563 549 3618 601.
583 3559 682 3614 Notum
701 3561 777 3614 estO
796 3560 910 3614 litteram
930 3561 964 3613 ad
982 3559 1187 3630 significandam
1206 3574 1279 3611 mor·

164 3693 169 3701 .
187 3684 190 3689 ,
273 3653 326 3701 tem
344 3648 461 3702 alicuius
480 3649 565 3703 titulis
582 3646 802 3717 sepulchralibus
819 3648 959 3716 inscriptis
977 3647 1023 3699 vel
1038 3650 1122 3700 etiarn
1135 3644 1292 3699 defunct0-·

167 3769 170 3772 -
271 3746 331 3787 rum
359 3735 524 3803 imaginibus
553 3735 705 3805 appositam
735 3749 808 3788 esse.
853 3731 885 3788 V.
919 3731 1026 3804 Syllcg.
1056 3734 1138 3786 inser.
1169 3748 1200 3802 p.
1219 3734 1281 3789 58⁷.

274 3817 386 3891 prem.
405 3823 456 3876 litt.
474 3820 536 3875 Hal.
556 3823 632 3877 1834.
656 3819 775 3888 intellig.
793 3817 843 3874 No.
864 3821 907 3872 61).
923 3835 950 3889 p.
970 3820 1029 3872 1163.
1061 3815 1177 3881 Arnetbi
1195 3815 1228 3873 K.
1244 3815 1279 3872 K.
1383 3839 1384 3844 ¹
1413 3776 1415 3778 -

274 3905 517 3973 Antikenkabinet‚
536 3908 650 3963 Statuen
668 3926 695 3977 p.
714 3909 758 3962 40.
778 3905 843 3959 labn
856 3905 939 3976 Spee.
959 3905 1045 3975 epigr.
1064 3922 1090 3976 p.
1100 3906 1143 3957 at.
1177 3901 1280 3957 Omitto

273 4010 416 4064 quaerere,
435 4011 470 4047 an
488 3995 557 4048 baec
574 3994 686 4049 notandi
705 3991 874 4047 consuetudo
899 4008 914 4043 a
933 3989 1094 4049 charactere
1112 3990 1161 4046 illo
1179 3990 1279 4064 Hippo·

167 4133 173 4139 ,
275 4081 378 4133 cratieo
406 4081 539 4150 originem
566 4080 687 4138 duxerit:
710 4095 794 4131 unuur
820 4077 875 4132 boc
901 4076 977 4132 iuvat
1001 4079 1115 4148 interim¹
1140 4074 1279 4144 adnotare,

273 4165 400 4238 exempla
424 4167 485 4223 eius
508 4183 576 4220 usus
599 4173 731 4238 quotquot
754 4168 818 4220 novi
842 4170 930 4219 aetate
953 4163 1103 4239 Ptolemaei
1127 4161 1281 4230 Euergetao

273 4252 430 4306 recentiora
448 4270 511 4308 esse
531 4256 629 4308 omnia.

616 4329 633 4354 ⁴
