2902 4822
771 450 825 528 98

242 645 398 716 ὑποδέσει·
421 643 470 710 ἐπὶ
490 641 547 729 γὰρ
568 649 623 730 τῆς
645 650 756 729 σκηνῆς
778 642 923 708 delaturae
948 638 987 709 rit
1006 642 1091 708 ἔνδον
1118 635 1353 728 spontanei

243 750 279 817 δὲ
299 753 362 826 ἔξω
384 757 547 838 προϊοῦσαν
569 745 657 832 αὐτὴν
677 747 853 813 ὑποτίθεται.
897 745 1028 812 Scholia
1050 747 1242 812 Cobetiaua:
1274 739 1353 812 τόνδ’

245 850 449 939 ἐκκορίζοοσ]
471 860 557 919 τοῦτο
587 851 785 937 σεσημείωται
812 857 857 936 rqi
874 844 1091 936 Ἀριστοφάνει,
1122 849 1166 916 ὅτι
1192 851 1289 917 καίτοι
1308 856 1355 936 αρ’

243 954 440 1042 ἐγκυκλήματι
466 954 621 1041 χρώμενος
648 954 683 1021 τὸ
706 953 905 1039 ἐκκομίζοοσα
934 953 1107 1039 προσέθηκε
1127 963 1291 1039 περισσῶς,
1319 955 1353 1019 iu

241 1061 360 1145 quibus
394 1063 561 1144 antiquum
593 1071 668 1125 nota
698 1061 811 1123 vitium
844 1055 1060 1141 ὲκκομίζουσα,
1095 1058 1184 1142 quod
1215 1069 1352 1122 metrum

241 1166 379 1248 respuit,
401 1185 462 1249 pro
484 1163 663 1247 κορίζοοσας
687 1164 823 1226 alterum
846 1162 934 1247 quod
955 1162 1087 1225 librario
1104 1161 1252 1244 debetur,
1273 1152 1352 1226 τόνδ’

242 1287 304 1350 pro
337 1261 428 1351 τήνδ’,
462 1269 492 1331 si
513 1288 627 1331 revera
650 1267 729 1330 illud
758 1269 791 1329 in
819 1265 940 1330 Codice
968 1275 1029 1348 est,
1062 1266 1163 1329 miror
1192 1263 1352 1328 Cobetnm

241 1371 313 1435 sine
335 1382 410 1434 nota
435 1372 608 1435 dimisisse.
652 1370 797 1434 Tertium
819 1371 1032 1455 fragmentum
1062 1367 1207 1433 exhiheri
1228 1367 1351 1431 Phoeu.

235 1474 314 1555 886,
349 1494 412 1537 non
437 1477 506 1539 sine
530 1495 645 1538 caussa
667 1475 752 1536 iusta
776 1475 961 1555 suspicatus
984 1483 1034 1536 est
1057 1470 1201 1535 Cobetus
1222 1493 1256 1555 p.
1277 1470 1351 1535 268.

229 1572 333 1641 ‘Adde
357 1578 443 1661 quod
467 1597 552 1640 nunc
574 1576 825 1659 Aristophanem
855 1577 1103 1639 commentarios
1132 1578 1164 1638 in
1188 1574 1351 1659 Euripidis

237 1681 402 1744 minimum
433 1698 528 1743 unam
562 1678 712 1761 fabulam,
748 1678 904 1760 Troadas,
939 1680 1112 1761 scripsisse
1147 1699 1188 1742 ex
1218 1680 1258 1743 iis
1287 1677 1351 1740 Ex·

238 1784 358 1865 cerptis
380 1793 480 1865 patet,
517 1801 599 1864 quae
622 1784 742 1863 pariter
766 1781 880 1846 Cobeti
904 1782 1080 1846 industriae
1104 1781 1276 1864 debemus,
1310 1800 1351 1845 ex

235 1886 334 1950 codd.
356 1884 571 1968 Neapolitano
595 1895 627 1946 et
650 1883 806 1948 Vaticano
829 1888 860 1947 in
894 1887 1000 1948 lucem
1023 1885 1192 1968 producta,
1220 1906 1253 1968 p.
1275 1884 1349 1968 cot,

238 1988 280 2052 de
303 1988 421 2072 quihus
444 1989 540 2071 plane
562 1988 668 2069 probo
686 1990 877 2052 sententiam
899 1989 1033 2053 editoris
1060 2010 1092 2071 p.
1110 1987 1160 2051 X:
1192 1989 1350 2053 nsubesse

238 2092 325 2155 iniis
346 2092 498 2174 reliquias
519 2092 820 2154 commentariorum
842 2090 1079 2174 Aristophanis,
1103 2090 1220 2176 quihus
1234 2091 1350 2156 deiude

238 2194 367 2257 aliunde
389 2195 450 2257 alia
473 2195 536 2258 sint
559 2195 771 2257 intermixtam
819 2193 927 2277 Atque
951 2215 1016 2258 non
1038 2194 1143 2258 solum
1167 2215 1226 2259 eac
1247 2194 1350 2260 Scho-

237 2297 352 2380 liorum
365 2309 485 2381 parteS,
504 2319 587 2382 quae
605 2298 747 2380 praelixa
766 2317 850 2361 voce
868 2296 970 2372 ἄλλως
987 2299 1253 2381 praecedentibus
1274 2299 1349 2364 sub·

236 2403 422 2486 iunguntur,
445 2402 486 2465 ab
503 2402 730 2483 Aristophanis
747 2402 875 2464 nomine
894 2403 1034 2466 arcenda
1057 2413 1148 2466 sunt:
1171 2402 1232 2465 sed
1254 2403 1349 2466 etiam

236 2506 269 2568 in
290 2506 331 2568 iis
354 2504 486 2570 scholiis
509 2506 655 2588 integris,
680 2524 762 2588 quae
785 2506 890 2587 putari
912 2507 1040 2587 possint
1062 2525 1136 2569 esse
1158 2506 1349 2590 Aristopha-

238 2609 300 2691 nis,
334 2607 489 2671 nonnulla
511 2608 658 2689 reperiri,
690 2628 773 2691 quac
806 2610 972 2690 posterius
1006 2609 1149 2673 immixta
1180 2611 1254 2693 sint,
1290 2630 1354 2676 una

238 2713 358 2775 mentio
382 2711 582 2796 grammatici
605 2709 805 2774 Parmenisci
827 2719 890 2786 (vs.
914 2713 991 2793 239)
1016 2713 1166 2797 ostendit,
1196 2714 1300 2778 cuius
1313 2714 1353 2778 de

198 2865 204 2873 .
239 2823 344 2878 aetate
378 2812 584 2878 commodum
615 2813 769 2877 doeemur
796 2834 837 2877 ex
861 2813 969 2880 Schol.
1004 2811 1082 2880 Ven.
1106 2815 1195 2881 lliad.
1217 2820 1250 2898 t,
1271 2818 1353 2882 otc:

239 2916 444 3000 Παρμενίσκος
471 2911 501 2978 ἐν
531 2922 576 3000 rqi
609 2911 629 2979 ά
652 2915 730 3001 πρὸς
752 2915 890 3002 Κράτητα
906 2916 966 2992 -ὡς
986 2911 1210 3004 Ἀριστάρχειον
1237 2921 1353 3007 γραφδρ

239 3015 420 3104 προφέρεται
441 3017 599 3100 ,,κείνων.“
633 3019 723 3100 Quae
746 3022 877 3106 egregie
900 3040 939 3084 eo
961 3023 1136 3106 firmantur,
1161 3025 1250 3108 quod
1267 3025 1353 3090 idem

241 3121 470 3188 Parmeniscus
500 3123 533 3183 in
567 3123 695 3204 genuini
718 3121 841 3188 Scholii
863 3124 1103 3209 Aristophanici
1122 3149 1172 3192 vs.
1201 3129 1267 3193 220
1298 3149 1354 3214 ap·

243 3225 381 3308 pendice
403 3242 468 3287 non
489 3223 736 3306 Aristophanica
763 3237 968 3291 memoratur.
1012 3228 1184 3295 Praeterea
1207 3231 1354 3299 laudetur

244 3319 473 3392 Parmeniscus
495 3327 528 3390 in
545 3325 683 3392 Scholiis
706 3328 819 3392 Coheti
842 3330 883 3393 ad
901 3330 997 3396 Rhes.
1020 3332 1095 3415 524,
1120 3336 1174 3419 qui
1196 3334 1290 3402 locus
1312 3356 1353 3402 cx

245 3450 285 3496 eo
307 3430 403 3512 libro,
428 3449 523 3513 quem
546 3428 708 3498 adversus⁴
728 3430 888 3496 Cratetem
910 3436 1051 3520 scripsit,
1076 3449 1225 3522 sumptus
1248 3441 1354 3524 putari

243 3544 368 3618 potest:
391 3543 460 3597 tum
482 3534 578 3597 etiam
598 3533 632 3595 in
652 3533 793 3619 vulgatis
815 3536 900 3601 Med.
923 3539 997 3602 276.

743 3697 772 3764 S·
802 3693 855 3757 29.

368 3814 418 3870 Dc
451 3812 636 3882 Aeschyli
675 3813 822 3873 fabulis
854 3817 1010 3875 metrice
1043 3819 1229 3880 tractatis.

330 3942 502 4010 Postremo
525 3944 695 4009 dicendum
719 3946 760 4011 de
772 3947 950 4035 Aeschylo,
974 3954 1066 4018 cuius
1088 3952 1204 4019 fabulis
1221 3957 1354 4021 metrice

245 4047 420 4112 tractandis
449 4068 490 4110 au
511 4049 581 4129 pari
613 4049 710 4113 modo
741 4052 860 4135 antiqui
884 4057 1039 4140 vacarint,
1073 4068 1245 4142 procerte
1268 4059 1354 4123 allir·

245 4170 334 4216 mare
356 4169 421 4215 non
443 4151 558 4234 ausim,
580 4173 773 4236 quamquam
794 4154 827 4218 id
850 4157 968 4222 factum
992 4179 1067 4225 esse
1088 4161 1262 4227 admodum
1279 4180 1354 4246 pro·

245 4252 353 4322 babile
374 4250 536 4318 videbitur
557 4256 752 4342 recordanti,
775 4257 933 4346 Aeschyli
952 4261 1080 4330 fabulas
1109 4263 1213 4351 signis
1232 4264 1353 4332 criticis
