2902 4822
734 431 811 508 140

215 627 395 693 Athenocle
425 627 581 710 scriptum
603 624 672 707 fnit,
707 623 740 687 id
762 631 851 689 certe
874 624 1039 708 vulgatum
1068 623 1181 706 fuisse,
1215 631 1328 688 autea·

216 751 311 814 quam
334 731 514 795 studiorum
536 748 669 794 suorum
693 725 938 792 Homericorom
967 726 1092 793 fructus
1114 725 1327 793 Aristarchus

216 833 385 898 emisisset.
430 833 539 916 Atque
573 852 647 895 cum
669 831 858 895 Aristarcho
889 830 1087 896 Athenooies
1117 829 1203 912 apud
1225 828 1328 894 Atho·

214 956 330 1001 nasum
352 936 392 1003 V.
424 959 455 1020 p,
480 937 551 998 177.
576 932 611 996 E.
648 935 693 1018 (p.
716 934 789 998 405.
813 931 942 1017 Dioni),
978 934 1033 998 ubi
1062 935 1168 1020 agitur
1197 933 1239 998 de
1263 932 1327 997 fida

216 1038 304 1104 lliad.
327 1040 345 1121 β
369 1060 485 1104 versus
505 1040 569 1103 409

367 1139 439 1229 ᾔδεε
459 1139 516 1226 γὰρ
538 1139 615 1206 κατὰ
636 1140 730 1226 θομὸν
753 1137 899 1225 ἀδελφεὸν
922 1140 967 1217 ὡς
989 1139 1130 1223 ἐπονεῖτο,

115 1325 119 1330 ἱ
215 1246 248 1309 ἰπ
270 1245 411 1310 Scholiis
425 1245 558 1310 Venetis
582 1247 651 1309 sine
675 1266 810 1311 censura
834 1247 1024 1328 transmissi,
1047 1265 1121 1309 eum
1143 1245 1175 1308 in
1195 1242 1327 1309 modum

216 1350 430 1433 componitur,
453 1361 488 1414 ut
511 1351 541 1414 in
563 1350 807 1414 aemulationem
836 1350 1003 1433 utriusque
1029 1350 1130 1415 critici
1162 1347 1328 1413 coniectu·

157 1472 163 1479 ’
214 1474 283 1517 ram
311 1455 419 1518 tacere
445 1455 555 1539 liceat:
580 1448 770 1538 Ἀθηνοκλῆς
800 1453 828 1515 δ’
862 1449 879 1514 ὁ
909 1451 1073 1536 Κυζικηνός
1106 1454 1218 1535 μᾶλλον
1236 1442 1327 1535 Ἀρι·

216 1552 347 1640 στόρχοο
382 1556 554 1623 κατακούων
588 1564 646 1620 τῶν
667 1553 839 1639 Ὁμηρικῶν
863 1553 942 1621 ἐπῶν
977 1551 1237 1639 εὐπαιδευτότερον
1257 1552 1327 1640 ἡμῖν

215 1681 287 1742 φησι
308 1661 408 1724 τοότον
432 1658 496 1744 [τὸν
521 1657 636 1744 στίχον]
659 1657 792 1743 Όμηρον
813 1662 990 1740 καταλιπεῖν,
1015 1659 1059 1733 ὡς
1077 1666 1131 1742 τῆς
1153 1653 1286 1741 ἀνάγκης
1307 1652 1325 1721 ό

213 1759 368 1837 Μενέλεως
390 1759 575 1846 οἰκειοτέρως
596 1763 685 1844 ἔχειν.
730 1760 798 1825 Sed
820 1764 899 1828 satis
923 1762 963 1826 de
984 1761 1175 1844 AthenooIe,
1212 1760 1325 1824 critico

213 1863 387 1930 Homerico
409 1887 521 1950 parum
550 1865 655 1930 adhuc
678 1868 826 1952 cognito:
862 1865 961 1931 redeo
983 1866 1025 1930 ad
1046 1865 1260 1950 propositum.

299 1969 446 2034 Alterum
462 1970 606 2036 eiusdem
622 1971 813 2055 signationis
832 1969 1013 2053 exemplum
1030 1980 1144 2034 auctor
1154 1968 1327 2053 fragmenti
1369 2046 1377 2057 ·

214 2069 329 2136 Veneti
345 2075 498 2138 continuo
523 2073 699 2159 subiungit,
721 2073 868 2157 pluribus
889 2072 1072 2136 nominibus
1097 2070 1325 2137 memorabile:

205 2171 293 2240 Ἔστι
304 2173 399 2240 δὲκαὶ
418 2176 518 2261 ἕτερος
533 2174 644 2260 τρόπος
657 2185 710 2262 τῆς
724 2173 914 2262 ἀθετήσεως,
936 2172 1003 2240 όταν
1021 2183 1083 2250 τοῖς
1094 2172 1196 2250 αιίτοῖς
1212 2173 1326 2260 στίχοις

212 2275 356 2353 πολλάκις
377 2287 500 2365 χρῆται,
522 2276 572 2345 όιὲ
593 2279 644 2365 μέν
667 2277 784 2355 οἰκείοις
805 2278 960 2365 περιτιθείς
981 2277 1154 2363 προσώποις
1172 2275 1212 2342 τὰ
1232 2275 1326 2361 λεγό-

213 2405 294 2467 μενα,
315 2380 365 2447 ὁτὲ
388 2382 421 2448 δὲ
452 2382 498 2465 on,
521 2381 564 2457 ὡς
595 2380 719 2466 ἔχειτὰ
747 2391 800 2448 τοῦ
821 2383 999 2461 Κύκλωπος»
1017 2384 1070 2448 τοῦ
1098 2377 1326 2467 ἀνημερωτάτοο

213 2487 328 2572 ῥήματα
348 2485 406 2553 ὑπὸ
428 2489 480 2551 τοῦ
501 2483 698 2551 οονετωτοίτοο
709 2485 860 2571 Νέστορος
879 2484 1023 2570 λεγόμενα
1041 2485 1118 2572 πρὸς
1131 2482 1323 2571 Τηλέμαχον·

309 2586 349 2656 Ὦ
373 2596 467 2669 ξεῖνοι,
490 2589 564 2662 τίνες
586 2586 671 2669 ἑστός
694 2590 787 2656 πόθεν
809 2585 904 2658 πλεῖθ’
929 2588 1005 2674 ὑγρὰ
1026 2589 1175 2667 κέλεοοα;

316 2693 337 2778 ἥ
358 2716 384 2758 τι
405 2689 482 2757 κατὰ
503 2696 616 2776 πρῆξιν,
640 2691 660 2777 ἢ
683 2696 831 2779 μαινιδίοις
853 2690 1020 2778 ἀλάλησθε,

317 2793 368 2861 οἷοί
390 2819 422 2860 τε
443 2798 610 2882 ληϊστῆρες,
635 2795 720 2884 ὑπεὶρ
744 2798 814 2882 ἅλα,
836 2792 904 2865 τοίτ’
928 2794 1075 2863 ἀλόωνται

316 2899 417 2988 ψυχὰς
438 2896 626 2984 παρθέμενοι,
648 2901 741 2967 κακὸν
763 2900 958 2970 ἀλλοδαποῖσι
980 2898 1133 2987 φέροντεςς

214 3008 313 3072 Ταῦτα
333 3003 538 3090 γὰρῆρμοζεν
557 3004 614 3069 ὑπὸ
629 3008 681 3071 τοῦ
696 3001 1015 3083 ΚόκλωποςὊδοσσεῖ
1027 3002 1173 3091 εἰρῆσθαι,
1188 3000 1248 3090 οόχ
1263 3003 1323 3072 ἀπὸ

213 3106 362 3194 Νέστορος
383 3105 562 3194 Τηλεμάχῳ.
602 3108 787 3175 Eustathius
809 3112 927 3199 Odyss.
952 3135 972 3191 ι,
993 3112 1064 3175 152.
1083 3132 1114 3194 p.
1132 3097 1222 3172 '1627
1231 3129 1240 3174 ι
1271 3106 1325 3175 καὶ

213 3223 320 3280 κεῖνται
334 3210 421 3296 φασὶν
439 3210 466 3276 oi
483 3209 601 3282 παλαιοὶ
620 3209 741 3279 κάλλιον
763 3213 888 3281 ἐνταῦθα
906 3214 935 3281 οἱ
949 3216 1044 3299 στίχοι
1066 3208 1185 3279 ἐκεῖνοι·
1206 3211 1253 3278 διὸ
1274 3208 1325 3279 καὶ

213 3314 382 3401 ἀστερίσκοι
394 3311 457 3380 ὧδε
466 3312 633 3399 πρόκεινται
645 3315 753 3399 αὐτῶν,
776 3313 811 3384 δι’
827 3315 868 3384 ὧν
886 3317 923 3384 τὰ
940 3319 1000 3402 ἔπη
1020 3315 1213 3402 ἐκκρίνοιται·
1235 3317 1324 3400 δηλοῖ

213 3418 270 3506 γάρ
290 3419 324 3485 τὸ
347 3426 465 3503 σημεῖον
487 3415 503 3483 ό
525 3416 709 3504 ἀστερίσκος,
737 3420 782 3495 ὡς
798 3421 903 3505 ἄριστα
927 3421 957 3487 έν
985 3424 1030 3508 τῷ
1055 3419 1140 3508 τόπῳ
1169 3429 1263 3486 κεῖται
1287 3417 1324 3485 τό

213 3525 288 3600 ἔπος
302 3521 352 3589 καὶ
375 3519 440 3588 οἷον
458 3519 609 3608 ἐκλάμπει
642 3523 808 3589 Personae
824 3527 921 3611 igitur
933 3526 1081 3590 Nestoris
1094 3525 1245 3610 indignos
1261 3523 1323 3589 hos

214 3649 340 3708 versus,
363 3628 482 3712 quippe
505 3627 642 3712 aliquam
665 3630 807 3693 ferociae
831 3631 974 3713 speciem
1007 3628 1322 3714 praeseferentes,

214 3733 339 3797 censuit
360 3731 581 3812 Aristarchus,
604 3733 644 3794 ah
667 3733 775 3795 indole
798 3752 875 3797 vero
896 3733 1049 3819 Cyclopis
1072 3732 1157 3797 haud
1180 3731 1323 3796 alienos:

92 3910 95 3915 ,
149 3817 151 3822 ’
213 3837 243 3899 in
268 3854 330 3920 qua
352 3833 460 3898 indicii
483 3835 624 3918 ratione,
655 3836 726 3900 aliis
750 3856 879 3920 quoque
904 3838 1024 3902 criticis
1053 3838 1091 3922 in,
1108 3836 1179 3900 aliis
1201 3835 1323 3899 littera·

161 3938 166 3943 ’
213 3959 284 4003 rum
306 3937 480 4021 generibus
503 3938 680 4020 approbata
699 3942 744 4021 ³),
768 3940 906 4005 descivit
927 3940 968 4004 ab
990 3940 1209 4022 Aristophane
1227 3936 1320 4023 hya,

263 4175 291 4246 θ)
308 4173 342 4319 ili).
367 4173 556 4232 Marcellinum
581 4177 635 4244 rel,
660 4179 791 4246 sinaiis,
816 4179 961 4257 Didymum
986 4179 1049 4237 Vita
1067 4165 1190 4256 Thucyd.
1209 4195 1237 4251 μ.
1256 4179 1318 4234 830.

337 4280 435 4343 oppon.
1203 4310 1206 4319 .
