2902 4822
700 462 780 565 τοο

264 656 339 721 Duo
366 655 465 738 haec,
490 662 641 740 quantum
664 655 696 719 in
719 663 888 738 comperto
915 654 1038 739 habeo,
1073 656 1250 722 notationis
1270 676 1289 723 a

179 761 373 850 D'ioscoride
395 758 554 822 adhibitae
579 759 727 845 vestigia,
757 760 845 831 acsi
869 759 1050 825 recorderIs
1074 770 1154 844 quot
1185 762 1291 845 suspi-

178 868 281 936 cionis
316 884 413 930 ansas
448 860 653 946 Hippocratis
688 864 808 946 scripta
841 862 918 927 dare
956 862 1144 946 debuerint,
1183 866 1294 937 tenui·¹

176 969 390 1051 auctoritatis,
423 966 452 1051 si
474 965 603 1050 quidem
625 985 666 1029 ex
688 967 737 1031 his
760 965 840 1032 solis
868 967 1060 1032 testimoniis
1090 968 1288 1034 concludere

176 1072 315 1158 audeas,
346 1064 480 1136 eandem
508 1068 657 1155 signandi
690 1071 847 1134 rationem
878 1068 1105 1135 Dioscoridcm
1134 1073 1233 1137 etiam
1255 1072 1287 1137 in

176 1177 294 1246 ceteris
324 1175 378 1261 qui
400 1173 501 1256 spurii
524 1193 598 1236 esse
621 1172 807 1239 viderentur
829 1174 909 1239 locis
937 1172 1143 1240 adhibuisse:
1178 1174 1289 1261 gravis

175 1292 302 1364 autem,
336 1275 424 1362 quod
455 1276 608 1341 credibile
643 1277 772 1340 minime
807 1278 951 1362 videtur,
993 1279 1027 1341 in
1062 1278 1288 1343 constituendo

174 1382 329 1452 contextu
349 1381 489 1445 'duobus
520 1380 627 1445 solum
654 1381 736 1446 locis
774 1380 850 1444 iliud
886 1383 963 1446 artis
992 1382 1122 1446 criticae
1153 1382 1288 1446 admini-

174 1490 281 1557 culum
317 1496 507 1568 usurpatum
543 1505 627 1550 esse.
684 1485 768 1566 Quid
803 1484 925 1570 igitur?
961 1485 1012 1550 Αο
1042 1487 1126 1549 forte
1150 1484 1288 1551 Diosco-

172 1595 259 1659 rides
282 1611 381 1657 unum
403 1588 508 1652 solum
535 1588 742 1673 Hippocratis
766 1610 860 1673 opus,
894 1591 980 1676 quod
1010 1591 1074 1677 agit
1098 1589 1139 1652 de
1172 1600 1286 1655 natura

172 1697 321 1780 hominis,
359 1693 468 1757 critice
504 1690 675 1758 tractavit?
720 1691 896 1756 Dissuadet
929 1693 1011 1758 alius
1045 1692 1158 1758 Galeni
1192 1692 1285 1759 iocus

171 1796 306 1887 prooem
335 1819 368 1881 p.
390 1797 443 1878 21,
477 1796 532 1860 ubi
562 1798 650 1860 iuxta
678 1796 919 1861 Artemidorum
951 1796 1139 1881 Capitonem
1162 1790 1285 1883 Hippo·

172 1900 270 1972 cratis
312 1903 469 1967 editorem
510 1899 721 1966 Dioscorides
754 1901 830 1964 item
872 1897 909 1964 τὰ
938 1896 1154 1985 Ἱπποκράτους
1186 1900 1286 1985 βιβλία

168 2001 372 2094 ¹recognosse
394 2003 583 2088 simpliciter
605 2013 762 2069 narratur.
797 2002 971 2069 Dissuadet
1001 2004 1093 2084 alius,
1117 2023 1197 2088 rem,
1221 2024 1283 2090 qua

171 2110 369 2191 laboremne,
401 2109 533 2194 egregie
556 2107 760 2191 collustrans
792 2106 914 2171 Comm.
937 2109 969 2171 in
998 2107 1185 2192 Hippocrat.
1208 2106 1284 2193 Ept-

172 2216 256 2296 dem,
279 2212 315 2276 Τ.’
339 2198 439 2294 XVH,
466 2211 493 2274 i.
518 2233 548 2294 p.
572 2211 654 2276 795:
700 2207 820 2277 Πάντων
843 2210 877 2274 δὲ
898 2220 957 2277 τῶν
980 2208 1210 2285 ὑπαλλαξάντων
1229 2210 1284 2289 τὰς
1311 2254 1315 2261 -

171 2314 299 2405 παλαιὰς
321 2311 439 2400 γραφὰς
460 2311 695 2399 τολμηροτάτους
715 2315 785 2389 τοὺς
806 2312 874 2399 περὶ
896 2315 1053 2380 Καπίτωνα
1073 2312 1125 2380 καὶ
1135 2317 1282 2383 Διοσκου-

171 2415 255 2507 ’ρ’ίδην
279 2419 407 2504 εὑρίσκω
431 2412 595 2501 πράξαντας
616 2427 716 2482 τοῦτο·
750 2415 873 2502 πότερον
902 2417 953 2502 μὲν
981 2415 1031 2484 οὖν
1062 2416 1178 2503 ἄμεινόν
1207 2418 1282 2487 ἔστιν

171 2522 308 2592 ἁπάντων
331 2518 429 2586 αὐτῶν
452 2517 471 2604 ἢ
495 2517 592 2602 μόνων
614 2532 673 2588 τῶν
698 2520 832 2604 εὐλόγως
853 2519 1100 2608 μεταγραψάντων
1121 2521 1142 2607 ἢ
1154 2524 1283 2608 μηδενὸς

172 2627 253 2703 ὅλως
274 2627 449 2712 μεμνῆσθαι,
472 2623 673 2709 σκοπούμενος
694 2622 789 2709 εὗρον,
812 2623 837 2689 εἷ
854 2623 905 2708 μὲν
919 2633 962 2704 τῷ
975 2625 1062 2711 μήκει
1072 2632 1131 2691 τῶν
1147 2625 1282 2714 ὑπομνη-

170 2729 270 2818 μάτων
293 2724 390 2799 οὐδεὶς
412 2726 532 2808 ἔμελλεν
556 2724 803 2813 ἀναγνωσομένων
826 2727 901 2794 αὐτὰ
915 2730 1125 2813 δυσχεραίνειν,
1144 2726 1282 2798 ἁπάντων

170 2832 336 2923 μεμνῆσθαι
357 2825 476 2894 κάλλιον
500 2826 588 2895 εἶναι·
610 2831 804 2918 μεμφομένων
827 2832 861 2897 δὲ
883 2835 1003 2899 πολλῶν
1029 2829 1062 2897 οὐ
1084 2832 1200 2909 τούτοις
1220 2832 1281 2919 μά·

170 2963 229 3020 νον,
252 2931 330 3001 ἀλλὰ
356 2929 489 3008 καὶτοῖς
521 2933 693 3021 συμμέτρως
720 2938 836 3021 ἔχουσι,
866 2933 917 3001 καὶ
945 2933 1021 3020 μόνα
1051 2934 1280 3013 σπουδαζόντων

169 3040 207 3107 τὰ
228 3038 370 3124 χρήσιμα,
393 3034 484 3122 μέσην
506 3062 566 3103 τινα
587 3039 696 3105 τούτων
723 3037 899 3126 ἀμφοτέρων
922 3041 1104 3124 ποιήσασθαι
1131 3042 1182 3127 τὴν
1207 3040 1279 3128 ἐξῆ.

169 3142 252 3231 μησίν
281 3138 333 3206 καὶ
357 3143 441 3205 τοῦτο
472 3138 587 3215 εὐθέως
616 3141 644 3208 ἐν
666 3146 702 3230 τῇ
729 3141 811 3228 ἀρχῇ
832 3153 983 3228 προεῖπον,
1013 3141 1097 3220 ὅπως
1121 3142 1279 3212 ἀπαλλάτ-

168 3268 272 3314 τωνται
292 3245 387 3309 τῶνδε
412 3253 471 3309 τῶν
495 3243 707 3330 ὑπομνημάτων
738 3245 765 3311 οἱ
786 3247 825 3333 μὴ
857 3248 1008 3331 χαίροντες
1029 3248 1151 3324 τούτοις.
1189 3248 1278 3315 Haec

169 3351 298 3439 quidem
321 3348 362 3411 de
394 3350 518 3413 ratione
541 3352 743 3433 praemoneri
774 3361 887 3416 auctor
909 3350 1020 3433 voluit,
1048 3372 1145 3436 quam
1168 3354 1201 3417 in
1222 3372 1277 3418 ex·

170 3453 339 3542 planandis
351 3452 402 3517 his
414 3451 621 3536 Hippocratis
634 3452 808 3537 Epidemiis
821 3465 982 3539 tamquam
999 3454 1145 3541 regulam
1158 3476 1277 3543 sequu-

170 3573 260 3624 turus
284 3554 389 3620 es‘setz
420 3555 479 3619 sed
503 3556 637 3620 eandem
660 3578 733 3621 cum
756 3559 851 3620 etium
876 3559 907 3620 in
931 3559 1047 3623 ceteris
1070 3558 1276 3645 Hippocratis

168 3662 405 3729 commentariis
426 3669 597 3743 sequutum
619 3681 704 3743 esse,
728 3661 905 3725 conferenti
924 3660 1055 3745 patebit,
1078 3681 1276 3746 acpraeser·

166 3758 226 3830 tim
246 3751 398 3850 quantum
421 3762 462 3826 ad
486 3762 628 3826 criticam
650 3765 681 3827 in
714 3775 867 3828 contextu
889 3764 1100 3849 Hippocratio
1122 3785 1274 3833 exercen-

166 3870 250 3938 dam.
285 3866 376 3931 Hanc
399 3865 518 3929 laboris
542 3867 838 3952 quidemsuscepti
860 3881 985 3952 partem
997 3867 1140 3934 Galenus
1151 3872 1273 3955 sprevit

165 3972 304 4054 minime,
336 3968 396 4034 sed
426 3989 525 4052 quum
547 3971 783 4036 meminerimus
813 3973 953 4036 incertae
976 3973 1181 4060 conditionis,
1211 3994 1272 4061 qua

166 4072 289 4161 Galeno
312 4084 396 4138 teste
418 4071 512 4136 huius
534 4073 637 4156 ipsius
660 4084 765 4140 aetate
787 4076 948 4159 scriptura
970 4074 1175 4161 Hippocratis
1198 4098 1272 4145 esse

78 4232 82 4237 .
165 4174 322 4260 debuerit,
353 4170 394 4239 de
417 4179 637 4260 temperantia,
672 4199 735 4262 qua
759 4177 901 4244 Galenus
929 4180 962 4243 in
984 4180 1197 4247 diiudicandis
1217 4201 1271 4247 su·

163 4283 327 4366 periorum
348 4278 507 4344 editorum
529 4280 655 4364 placitis
678 4283 776 4346 variis
799 4303 878 4348 usus
901 4294 961 4368 cst,
984 4284 1209 4370 potiusquam
1230 4284 1271 4349 de
