2902 4822
694 427 743 500 41

164 624 240 704 nita,
264 629 320 685 ant
338 627 427 687 'certe
443 622 476 685 in
501 619 578 684 crisi
596 616 773 698 carminum
796 614 1041 680 Homericornm
1061 618 1152 683 vario
1177 617 1274 683 modo

164 725 347 791 exercenda
360 744 491 808 operam
504 730 673 803 navarunt,
686 739 824 804 quorum
844 739 1015 785 recensum
1033 721 1163 787 exhibet
1176 720 1276 786 Lebr-

163 830 233 894 sins
255 850 287 911 p.
310 828 363 892 31.
407 825 474 889 Sed
495 825 576 889 haec
597 825 771 888 remotiora
792 831 877 887 sunt.

664 1021 694 1087 s.
726 1012 776 1077 15.

379 1161 431 1214 De
462 1158 539 1216 cod.
562 1154 702 1214 Iliadis
724 1153 887 1226 signatae
918 1159 1061 1217 Veneto.

250 1306 287 1370 ln
307 1307 369 1370 hac
399 1309 545 1388 fontium,
582 1323 665 1389 quos
687 1303 843 1368 hactenus
878 1307 1108 1385 enarravimus
1142 1304 1277 1388 penuria

164 1411 235 1474 sive
258 1409 399 1473 exilitate
429 1430 527 1494 quum
557 1409 598 1471 ad
627 1426 696 1469 rem
726 1406 947 1471 illustrandam
980 1409 1109 1471 maximi
1139 1405 1278 1469 debebat

163 1513 271 1594 putari
303 1513 455 1576 momenti
489 1511 570 1592 sore,
603 1512 631 1573 si
662 1519 807 1573 veterum
842 1512 925 1573 ratio
959 1510 1105 1595 signandi
1141 1529 1183 1572 ex
1204 1509 1278 1589 ipso

164 1612 274 1696 aliquo
297 1616 416 1677 veteris
449 1614 561 1697 scripti
595 1611 771 1694 exemplari
803 1612 904 1696 signis
937 1614 1095 1676 instructo
1122 1608 1279 1694 cognosci

164 1724 300 1797 posset:
323 1734 401 1778 ecce
424 1716 580 1801 singulari
602 1714 760 1778 beneficio
782 1713 930 1781 fortunae
960 1715 1094 1796 accidit,
1128 1725 1163 1777 ut
1184 1734 1279 1797 prae·

164 1825 215 1879 ter
237 1815 299 1879 alia
331 1817 482 1882 nonnulla
516 1819 688 1883 notationis
727 1818 877 1900 antiquae
909 1818 1056 1902 vestigia,
1089 1816 1130 1879 de
1162 1815 1278 1899 quibus

165 1937 244 2006 mox
266 1917 401 2001 dicetur,
437 1919 499 1983 tale
523 1921 636 1985 codice
658 1918 784 1983 Veneto
808 1939 859 2001 eo,
893 1921 947 2002 qui
978 1918 1109 1984 Scholia
1139 1918 1179 1981 A.
1203 1938 1280 1982 oon·
1355 1915 1358 1919 ’

165 2021 267 2103 tinet,
292 2020 467 2084 exhibitum
499 2024 550 2085 sit.
571 2079 574 2085 .
594 2022 678 2086 Nam
705 2020 845 2085 Scholiis
867 2021 929 2084 illis
953 2020 1215 2105 locupletissimis
1247 2021 1280 2082 in

166 2122 308 2205 Iliadem,
333 2123 450 2207 quibus
472 2124 568 2188 huius
592 2136 682 2189 certe
705 2125 853 2188 carminis
877 2122 1039 2188 Homerici
1061 2125 1184 2188 notatio
1206 2122 1280 2186 Ari·
1333 2206 1335 2210 Α

166 2224 307 2290 stanchia
342 2234 467 2288 tantum
499 2246 565 2290 non
593 2229 717 2312 integra
750 2226 939 2310 explicatur,
972 2229 1005 2290 in
1038 2228 1151 2291 codice
1172 2227 1280 2309 ipsum

166 2327 274 2392 Iliadis
306 2328 487 2411 exemplum
510 2332 732 2412 praemittitur,
765 2330 807 2392 ad
829 2329 963 2392 eandem
993 2348 1149 2408 normam,
1173 2336 1209 2391 ut
1231 2328 1280 2390 fas

167 2441 219 2494 est
240 2440 365 2513 putare,
396 2433 497 2514 signis
532 2433 651 2495 criticis
675 2432 867 2495 distinctum.
912 2431 1027 2501 Exstat
1058 2432 1155 2515 igitur
1181 2428 1280 2493 hodie

166 2533 232 2596 tale
255 2533 443 2596 eruditionis
465 2535 722 2616 instrumentum,
754 2554 818 2618 quo
841 2533 911 2597 aliis
935 2533 1181 2618 quibuscunque
1203 2531 1280 2595 sub·

84 2670 85 2674 =
168 2635 259 2698 sidiis
292 2634 410 2698 melius
440 2647 472 2698 et
494 2637 620 2719 plenius
652 2648 799 2701 veterum
828 2638 890 2701 ista
913 2635 1115 2700 consuetudo
1148 2632 1281 2699 notandi

168 2740 325 2823 cognosci
346 2749 470 2822 posset,
492 2741 567 2822 nisi,
591 2752 625 2803 ut
641 2741 674 2802 in
687 2741 738 2804 his
760 2739 874 2803 litteris
894 2741 964 2803 fieri
985 2739 1080 2821 solet,
1098 2736 1281 2819 exemplum

168 2839 396 2904 illudveteris
427 2843 623 2924 scriptionis,
648 2843 723 2906 dum
755 2844 788 2904 in
817 2841 957 2906 decursu
987 2840 1193 2905 saeculorum
1221 2858 1281 2921 per

168 2943 278 3006 variae
299 2943 502 3007 librariorum
518 2966 631 3009 manus
649 2947 838 3026 traderetur,
863 2943 945 3007 labis
959 2954 1081 3006 tantum
1102 2941 1282 3007 contraxis-

169 3054 231 3123 set,
253 3055 289 3107 ut
310 3064 371 3128 pro
394 3049 584 3111 auctoritate
607 3059 694 3112 certa
723 3047 834 3111 haberi
857 3049 1014 3130 nequiret.
1069 3044 1122 3109 Ad
1143 3045 1207 3109 hoc
1229 3062 1282 3107 ac·

169 3149 270 3211 cessit
292 3147 379 3231 quod
402 3169 500 3235 quum
522 3149 609 3213 lmm.
632 3151 804 3215 Bekkerus
826 3148 985 3212 Venetum
1008 3149 1151 3213 codicem
1175 3146 1282 3208 denuo

169 3259 347 3334 excuteret,
380 3250 464 3314 hanc
494 3253 563 3316 eius
593 3265 717 3335 partem
747 3274 830 3337 quae
851 3250 958 3315 lliadis
987 3251 1173 3315 contextum
1196 3269 1283 3313 com·

168 3351 349 3435 prehendit,
372 3356 484 3416 nescio
507 3374 570 3438 qua
586 3356 760 3439 decaussa
778 3358 932 3420 intactum
945 3354 1122 3438 reliquerit,
1145 3354 1189 3415 ita
1204 3353 1283 3414 utin

169 3454 318 3537 exemplo
343 3475 382 3519 eo
406 3456 493 3538 quod
516 3477 599 3520 unus
621 3456 821 3523 Villoisonus
846 3458 991 3542 vulgavit
1012 3455 1284 3540 acquiescendum

169 3559 224 3639 sit,
247 3556 341 3619 huius
372 3558 519 3621 editionis
552 3559 633 3622 fides
667 3561 695 3623 si
724 3560 766 3622 ad
795 3562 963 3642 rationem,
997 3579 1061 3643 qua
1083 3557 1214 3621 Scholia
1242 3556 1283 3620 ab
1380 3639 1384 3645 ⁶

169 3658 287 3722 eodem
311 3658 447 3743 'vulgata
469 3671 556 3744 sunt,
590 3663 788 3745 aestimatur,
822 3682 917 3725 nemo
949 3664 1003 3745 qui
1025 3661 1078 3723 vel
1100 3659 1204 3723 obiter
1224 3659 1284 3723 has
1331 3649 1333 3654 ’

168 3759 293 3824 litteras
316 3763 456 3846 attigerit
480 3764 629 3847 ignorare
651 3765 771 3847 poterit
794 3764 989 3849 diligentiam
1016 3765 1134 3826 iustam
1157 3761 1284 3826 deside·
1321 3759 1327 3767 '

275 3993 301 4045 p.
320 3977 381 4039 533,
400 3973 446 4027 nbi
465 3989 626 4046 quamquam
651 3980 837 4030 Alexandriae
856 3975 1019 4046 appellatur,
1042 3974 1111 4028 nihil
1129 3982 1219 4028 tamen
1236 3955 1284 4027 im-

274 4060 350 4131 pedit
376 4061 521 4131 quominus
552 4058 666 4112 eundem
695 4078 758 4114 esse
783 4069 910 4131 putemus
937 4076 998 4114 cum
1023 4060 1194 4130 Lamptrensi
1219 4059 1284 4112 Am-

275 4149 374 4210 monio,
398 4146 444 4217 qui
469 4144 526 4218 περὶ
550 4143 639 4214 βωμῶν
663 4144 703 4199 καὶ
731 4146 821 4201 θυσιῶν
845 4148 973 4217 scripsit:
1001 4146 1035 4201 de
1062 4163 1116 4219 quo
1141 4164 1168 4204 v.
1186 4145 1285 4199 llleicri

276 4232 379 4287 (fomm.
398 4230 504 4286 Andoc.
526 4231 571 4284 Vt.
589 4231 660 4287 Part.
681 4234 724 4289 13.
748 4249 775 4302 p.
794 4235 837 4288 66.
