2902 4822
699 457 754 537 68

168 651 360 740 praesertim
388 651 458 717 eius
484 649 585 736 signi,
619 649 708 735 quod
730 669 772 715 ex
804 650 900 715 litteri
930 650 982 717 obi
1002 664 1035 719 et
1067 655 1128 721 rho
1161 656 1282 722 confla·

168 765 236 821 tum
258 754 299 819 ab
321 752 445 819 Isidoro
468 753 492 837 l,
515 753 569 836 20,
594 753 638 815 22
659 761 692 816 et
712 751 838 818 Anecd.
860 750 963 820 Paris.
986 753 1164 823 οΙινιιείιηοιι
1179 750 1283 843 eupb‘·¹

169 869 271 942 catur,
302 858 531 940 meminissem,
565 875 673 941 paene
706 854 865 920 abductus
896 875 1004 922 essem
1032 857 1074 922 ad
1096 857 1283 927 Cascuboui

171 974 204 1027 et
225 961 366 1048 lllenagii
388 961 590 1045 senteutiam,
613 971 646 1026 et
667 958 832 1025 Presselio
855 958 875 1025 l.
898 961 919 1024 l.
941 982 973 1045 p.
986 962 1050 1026 102
1071 974 1104 1028 et
1125 962 1282 1031 Grael'ou·

168 1069 265 1136 banio
286 1071 307 1134 l
330 1071 350 1134 l
372 1069 553 1155 probatam,
589 1068 644 1152 qui
666 1076 820 1151 punctam
842 1076 875 1141 ><
904 1067 1038 1132 eandem
1059 1075 1110 1136 τοῦ
1131 1069 1282 1156 χρησίμω

169 1175 241 1242 sive
263 1181 397 1260 χρηστοῦ
418 1174 482 1237 vim
506 1171 692 1254 tribuerent,
727 1170 832 1234 donce
862 1169 993 1236 meliora
1016 1192 1057 1237 ex
1085 1171 1227 1242 scholiis
1248 1177 1281 1243 iu

169 1275 354 1360 Euripidem
378 1276 514 1341 edoctus
538 1295 627 1357 sum,
651 1273 759 1339 Orest.
780 1276 841 1340 st:
861 1271 983 1362 Ἑλένη]
1007 1276 1085 1361 πρὸς
1106 1275 1207 1354 πάσας
1226 1277 1282 1360 τὰς

170 1378 268 1466 ὕβρεις
290 1376 445 1445 ἀντικεῖται
465 1376 499 1443 τὸ
519 1373 636 1462 Ἑλένη,
660 1375 729 1443 ὅθεν
751 1376 802 1447 καὶ
831 1376 964 1463 χιοὶζεται
991 1378 1007 1446 ὁ
1038 1383 1156 1467 στίχος·
1185 1406 1281 1471 σεση-

168 1484 291 1570 μείωται
313 1479 370 1567 γὰρ
391 1479 425 1548 τό
449 1480 541 1568 ὄνομα
571 1487 625 1567 τῆς
648 1476 791 1566 Ἑλένης·
821 1478 970 1548 αἰνίττεται
999 1481 1044 1565 δὲ,
1072 1481 1116 1550 ὅτι
1140 1492 1282 1571 πονηρῶς

166 1593 303 1671 κερτομεῑ
335 1582 536 1670 πυνθανομένη
565 1581 635 1668 περὶ
667 1579 711 1648 ὧν
744 1591 881 1669 παροῦσα
902 1582 978 1673 ὁρᾷ,
1009 1587 1063 1652 ubi
1086 1609 1184 1672 quum
1206 1586 1279 1654 cod.

168 1687 254 1754 Flor.
276 1689 320 1755 33
336 1690 487 1773 speciose
511 1688 635 1764 στίζεται
656 1687 780 1769 offerat,
804 1687 882 1752 illud
903 1691 1035 1775 egregie
1056 1710 1143 1757 nuuc
1163 1689 1281 1758 ooullr·

168 1802 290 1856 metum
319 1788 370 1857 e'st
403 1792 517 1857 codice
550 1791 709 1856 Vaticano
732 1788 936 1855 scholiorum
965 1811 983 1856 a
1016 1791 1281 1877 coherentes

167 1913 318 1960 excusso.
348 1895 529 1960 Addendus
550 1907 600 1961 est
612 1893 722 1960 Sobel.
734 1893 889 1979 Sophocl.
902 1894 1037 1962 Philoct.
1050 1899 1132 1964 20¹:
1163 1891 1279 1984 εὔστοηί

166 1997 223 2082 ἔχε
243 1997 312 2086 ταὶ]
345 1995 482 2063 εἰώθασιν
515 1996 593 2065 οὕτω
617 1995 709 2081 λέγειν
732 1994 794 2065 ἀντὶ
814 2005 867 2063 τοῦ
887 1995 1002 2064 σιώπα·
1031 1997 1067 2064 τὸ
1096 1997 1132 2066 δὲ
1150 2008 1280 2068 renim

165 2101 328 2185 κεχίασται,
358 2097 402 2167 ὅτι
421 2098 596 2177 Ἑλλάνικός
628 2124 700 2168 ποτε
729 2097 936 2184 ἀναγινώσκων
966 2099 1000 2168 τὸ
1031 2097 1195 2187 Ἡροδότου
1225 2100 1280 2191 [ll,

168 2204 241 2287 171,
254 2206 309 2270 ubi
320 2226 351 2271 ν.
363 2203 491 2292 Wese]
515 2206 611 2290 ἔλεγε,
634 2205 724 2289 „cepi
746 2200 780 2268 δὲ
801 2199 896 2268 τῶνδέ
917 2226 967 2288 μοι
985 2203 1113 2288 εὔστομα
1133 2204 1279 2289 suctu?

167 2305 202 2373 οὔ
227 2310 346 2394 διαιρῶν
370 2307 411 2386 εἷς
434 2310 487 2378 δύο
509 2308 614 2395 λέξεις,
648 2303 713 2375 ἀλλ’
737 2305 781 2384 ὡς
802 2305 836 2372 ἄν
858 2328 899 2382 τις
921 2305 1280 2395 circumducebam«.

165 2412 330 2480 Habemus
352 2416 449 2501 igitur
471 2416 606 2482 verbum
629 2412 789 2500 χιάζεσθαι
821 2412 861 2476 ab
887 2413 958 2497 ipsa
992 2414 1077 2498 sigui
1096 2413 1198 2500 figura
1219 2435 1278 2501 ap·

164 2518 329 2603 pellatum,
344 2521 372 2596 ²)
395 2531 557 2604 potestate
580 2521 656 2586 licet
678 2520 777 2602 varia,
800 2517 841 2582 ad
863 2518 969 2601 ipsum
990 2519 1277 2605 geuusscriptorls

165 2622 418 2688 accommodata.
464 2621 514 2687 De
537 2623 661 2709 figurae
683 2623 808 2689 ratione
831 2631 863 2685 et
885 2622 1009 2707 origine
1038 2623 1115 2687 mibi
1146 2625 1285 2709 quidem

164 2728 208 2790 ita
232 2725 438 2790 statuendum
469 2726 606 2810 videtur,
637 2738 670 2801 ><
692 2747 792 2811 quum
814 2726 1028 2810 scriberetur,
1052 2747 1117 2793 non
1138 2727 1276 2794 litteram

164 2830 375 2915 significatam
403 2851 488 2914 esse,
521 2831 581 2894 sed
603 2833 730 2918 siguum
753 2831 931 2917 quodlibet,
965 2833 1092 2900 duabus
1118 2855 1161 2899 ex
1182 2834 1276 2903 lineis

165 2933 347 3000 decussatis
370 2934 553 3017 confictum,
580 2935 667 3000 unde
687 2935 789 3020 figura
811 2937 966 3022 prodiret,
988 2937 1114 3005 litterae
1135 2939 1168 3004 X
1190 2936 1277 3004 sini·

163 3031 219 3100 lis:
255 3055 319 3121 quo
343 3035 462 3100 factum
486 3048 521 3102 ut
543 3040 614 3121 ipso
651 3041 721 3104 eius
744 3038 870 3104 litterae
893 3042 1020 3106 nomine
1049 3042 1197 3128 quamvis
1219 3041 1276 3107 im·

163 3138 295 3220 proprie
317 3138 543 3222 appellaretur.
577 3139 693 3227 Neque
716 3143 846 3226 proprie
869 3154 901 3208 et
924 3146 1072 3230 primitus
1094 3146 1189 3211 aliam
1211 3146 1276 3210 vim

163 3239 317 3306 babuisse
342 3242 469 3307 videtur
503 3268 599 3331 quam
631 3247 822 3332 designandi
850 3248 902 3314 vel
925 3250 1057 3314 notandi
1078 3250 1276 3336 aliquidcuu·

165 3365 228 3429 que
251 3355 364 3410 notatu
386 3346 527 3433 dignum,
552 3352 742 3426 simillimam
762 3354 915 3436 potestati
926 3353 1146 3421 Aristarchiae
1159 3354 1275 3439 diplae.

163 3442 306 3511 Prorsus
340 3458 447 3512 autem
474 3451 685 3536 improbanda
719 3456 877 3521 sententia
911 3455 994 3521 sixti
1016 3457 1170 3522 Senensis
1192 3454 1276 3522 Biht

164 3561 296 3616 sanctae
318 3551 368 3617 lll.
391 3575 423 3638 p.
446 3555 518 3640 257,
541 3568 574 3634 ><
596 3560 836 3644 interpretantis
858 3560 1088 3644 characterem,
1112 3573 1177 3628 tum
1191 3570 1276 3646 ><><,

166 3674 261 3739 quam
287 3667 394 3720 notam
419 3679 458 3722 ex
481 3658 638 3748 Diogenis
669 3673 702 3737 ><
724 3662 948 3753 τεριεοτιγρὲνῳ
972 3666 1054 3732 lalso
1076 3668 1177 3752 finxit,
1200 3666 1277 3734 clo·

163 3767 323 3824 meterem
344 3759 552 3847 duplicatum.
582 3764 755 3851 Appouam
778 3769 841 3832 iam
865 3779 899 3833 ut
922 3771 953 3834 in
976 3792 1012 3836 re
1034 3792 1148 3855 parum
1170 3771 1277 3837 adhuc

163 3873 348 3950 perspecta,
377 3877 409 3931 et
431 3889 450 3933 a
472 3869 644 3954 Leopardo
667 3870 801 3936 Emend.
831 3872 919 3957 XlX,
954 3876 976 3940 5
1004 3875 1108 3940 obiter
1128 3884 1275 3960 tractata,
1304 3936 1308 3941 .

164 3987 248 4053 quae
269 3968 468 4056 investigare
490 3975 624 4060 contigit
647 3974 794 4060 exempla
817 3977 887 4044 eius
910 3980 994 4065 signi
1017 3981 1134 4063 omnia,
1157 3978 1277 4065 quibus

164 4069 292 4136 collatis
315 4072 436 4159 duplex
458 4096 537 4142 usus
554 4079 637 4144 ratio
650 4081 870 4165 cognoscitur,
894 4100 968 4166 uua,
991 4080 1276 4168 quasignificatnr‚

217 4295 247 4364 2)
267 4293 301 4350 V.
319 4292 479 4356 eruemur
496 4294 526 4357 Τ.
546 4297 580 4362 ΙΙ.
596 4317 625 4375 ρ.
642 4302 686 4359 95.
