2902 4822
628 435 705 514 309

103 634 210 697 verior
232 634 288 712 sit,
321 629 379 695 sed
405 638 476 694 utra
499 631 567 694 veri
600 630 745 695 similior.
787 629 870 695 Nam
904 650 1003 715 quum
1025 633 1222 716 scriptorum

102 735 300 800 Graecorum
324 755 436 799 eorum
460 734 513 818 qui
537 734 577 798 de
600 733 735 798 Romani
757 733 917 799 scribonis
939 733 1048 798 indole
1068 734 1221 817 scripsis-

101 854 184 926 sent,
207 843 324 928 quibus
346 840 544 905 Philoxenus
567 839 786 926 adsignandus
809 848 872 921 est,
889 838 1005 932 ‘nullus
1027 839 1222 924 reperiatur>

102 949 156 1031 qni
179 944 325 1009 Varrone
348 944 482 1009 multum
508 947 670 1031 antiquior
691 947 756 1029 sit,
786 945 936 1030 ultraque
956 943 1123 1010 Neronem
1144 946 1219 1030 imp.

101 1060 236 1114 aetatem
260 1049 461 1133 produxerit,
496 1050 539 1114 ait
562 1046 761 1113 Schmidtius
794 1069 826 1132 p.
849 1049 933 1130 631,
965 1047 1051 1113 haud
1072 1050 1121 1116 ita
1137 1047 1224 1121 mule.

102 1165 208 1218 tuma
238 1173 315 1217 vera
345 1155 469 1218 ratione
502 1172 564 1219 nos
596 1152 821 1233 aberraturos,
854 1152 884 1215 sl
911 1149 1125 1221 Philoxenum
1150 1149 1222 1245 illiq

100 1261 309 1345 temporibus,
334 1280 418 1344 qnae
444 1261 528 1325 inter
549 1258 729 1324 Varronem
760 1255 990 1342 Neronemque
1009 1255 1222 1339 intercedant,

100 1357 338 1450 grammaticam
370 1383 446 1427 csse
475 1365 660 1446 professum
694 1370 927 1428 statueremus:
963 1362 1058 1446 quasi
1086 1381 1130 1429 ex
1160 1361 1224 1429 hac

100 1472 169 1552 ipsa
193 1468 317 1531 ratione
346 1467 497 1533 concludi
526 1476 686 1553 nequeat,
720 1463 877 1531 Varronis
907 1476 1032 1550 aetate,
1065 1466 1096 1533 h.
1118 1487 1148 1531 e.
1179 1485 1224 1533 ee

100 1571 171 1653 ipso
204 1569 356 1652 saeculo,
392 1569 480 1654 quod
512 1588 575 1655 ego
608 1579 795 1653 statueram,
829 1590 904 1635 eum
933 1570 1065 1635 vixisse.
1110 1567 1222 1654 Atque

100 1676 270 1759 ancipitem
293 1695 368 1739 esse
391 1684 491 1738 totam
512 1673 596 1739 hanc
618 1674 862 1760 argumentandi
882 1676 1057 1759 rationem,
1080 1673 1221 1762 veteg-

99 1780 168 1864 geri
192 1787 300 1861 potest
328 1778 481 1842 iudicium
505 1778 634 1861 testari,
668 1798 710 1842 ex
732 1779 846 1844 iisdem
874 1779 944 1844 fere
973 1781 1020 1845 rei
1050 1780 1221 1846 momentis

100 1884 292 1970 colligentis,
324 1883 538 1948 Philoxenum
565 1883 728 1948 Ammonii
756 1884 857 1949 luisse
880 1904 1108 1950 successorem
1135 1885 1221 1968 eins,

100 1991 153 2074 qui
175 1998 250 2053 ante
273 1989 457 2072 Augustum
479 1987 700 2054 Aristarchiae
721 1987 855 2053 scholae
886 1986 1109 2053 Alexandriae·
1126 2008 1220 2072 prae·

81 2087 223 2173 ‘subseq
246 2090 391 2156 Examen
414 2093 484 2157 crit.
508 2092 568 2157 des
590 2091 764 2157 historiens
787 2089 971 2177 d'Auguste
993 2112 1023 2175 p.
1049 2090 1121 2155 tto.
1165 2089 1219 2157 De

100 2213 163 2277 quo
195 2192 368 2259 Ammonio
402 2194 523 2258 dictum
541 2193 580 2276 δ.
614 2194 662 2259 ta.
709 2191 807 2261 Haud·
837 2194 950 2259 melier
977 2193 1125 2278 procedit
1156 2192 1221 2259 aliu

99 2301 341 2365 demonstrandi
364 2302 445 2365 ratio
466 2321 508 2365 ex
532 2300 716 2366 conditione
738 2297 943 2365 Scholiorum
962 2298 1122 2366 mitiadis
1135 2299 1219 2378 fsuh·

99 2403 182 2469 lecta
203 2425 236 2486 p.
256 2403 330 2470 633.
370 2403 477 2486 Quum
498 2402 697 2469 Philoxenus
710 2404 752 2469 'in
774 2403 814 2466 iis
835 2402 1056 2488 grammaticis
1077 2421 1143 2467 non
1165 2403 1220 2488 sit,

99 2522 236 2594 quorum
259 2529 301 2573 ex
323 2508 413 2575 libris
436 2506 567 2573 Scholia
587 2509 643 2573 illa
665 2507 805 2573 contlata
826 2508 904 2590 sint,
925 2517 1037 2573 eontra
1060 2508 1218 2577 momoria

99 2615 168 2677 eins
202 2613 270 2677 fere
303 2614 346 2678 iis
374 2613 596 2678 tantummodo
625 2611 832 2679 Scholiorum
861 2609 1027 2679 lrustulis.
1044 2609 1219 2696 debeatur,

99 2728 184 2804 quae
203 2717 409 2784 Herodianio
439 2718 551 2783 colore
573 2718 670 2784 facile
703 2717 744 2784 ab
767 2716 840 2783 aliis
862 2715 1112 2803 distinguantur,
1142 2717 1218 2785 hina

99 2842 266 2906 apparere.
279 2822 382 2886 videri
403 2823 448 2887 ait
469 2820 687 2904 Schmidtius,
716 2819 933 2887 Philoxenum
961 2820 1025 2886 illis
1047 2822 1116 2888 fere
1137 2830 1220 2887 tent·¹

99 2924 243 3007 poribus·
264 2926 406 3008 vixisse,
442 2945 527 3011 quae
559 2927 644 2989 inter
674 2924 899 2994 Aristonicum
934 2933 968 2989 et
998 2921 1219 2991 Herodianum

98 3030 376 3095 intercessissent:
407 3051 491 3114 quae
513 3029 757 3116 argumentandi
787 3031 869 3097 ratio
892 3049 989 3114 quam
1017 3028 1110 3095 firmo
1132 3028 1219 3112 pede

99 3133 227 3198 incedat
249 3153 315 3198 non
337 3143 389 3199 cst
411 3135 499 3220 quod
521 3133 701 3216 ostendam,
726 3153 825 3219 quum
845 3133 1035 3218 praesertim
1057 3131 1219 3201 eiusmodi

98 3237 173 3318 loci,
196 3236 310 3320 quales
341 3249 416 3303 sunt
445 3263 473 3320 υ,
504 3239 565 3303 471
591 3251 623 3302 et
656 3259 688 3322 χ,
719 3238 781 3322 28,
815 3235 843 3319 ξ.
874 3236 896 3301 5
922 3236 1063 3320 excitati,
1096 3236 1216 3321 quibus

99 3343 297 3409 Philoxenus
318 3343 485 3430 laudatur,
518 3365 634 3430 magna
666 3364 740 3409 cum
773 3340 999 3426 probabilitate
1029 3342 1219 3411 Aristonico

99 3447 288 3515 tribuantur·
340 3448 467 3534 lntegra
500 3450 597 3533 igitur
634 3468 688 3514 res
721 3457 784 3513 est.
827 3445 911 3511 lllud
941 3463 1021 3511 vero
1051 3445 1219 3531 perspexit

98 3551 310 3634 Schmidtius,
335 3553 432 3637 *qnod
463 3554 495 3617 in
527 3561 843 3637 utramquepartem
875 3550 945 3633 pari
973 3551 1044 3613 iure
1071 3548 1217 3617 adhiberi

98 3667 220 3742 potest,
254 3657 428 3740 Apollonio
450 3656 597 3743 Dyscolo
619 3656 831 3722 Philoxenum
854 3656 957 3719 luisse
984 3654 1217 3738 antiquiorem:

100 3761 186 3846 quod
203 3782 243 3824 ex
262 3761 357 3826 huius
373 3765 525 3827 memoria
538 3763 624 3847 apud
637 3762 743 3847 Apoll.
761 3764 794 3826 in
805 3760 947 3825 Bekkeri
962 3757 1086 3824 Anecd.
1105 3780 1137 3843 p.
1152 3757 1217 3824 515

100 3863 278 3949 colligitur,
315 3865 370 3928 ubi
392 3865 568 3951 Philopoai
589 3867 717 3930 nomine
749 3865 813 3929 dici
843 3862 1057 3930 Philoxenum
1079 3880 1145 3925 non
1167 3872 1218 3927 est

100 3967 241 4048 dubium,
263 3968 334 4032 sive
356 3968 435 4032 illud
459 3989 639 4055 cognomen
661 3970 730 4052 suit,
753 3968 841 4053 quod
859 3967 900 4032 ab
921 3965 1110 4031 assiduitate
1127 3964 1217 4030 labo·

99 4072 143 4134 ris
165 4069 344 4136 Philoxeno
374 4073 507 4139 inditum
531 4083 631 4156 esset,
661 4087 697 4136 ut
720 4080 833 4136 censet
860 4067 1056 4134 Schmidtins
1085 4090 1116 4153 p.
1140 4071 1217 4154 633,

99 4176 184 4238 sive.
201 4196 260 4258 pro
295 4174 462 4251 Φιλόπονος
490 4175 664 4260 Apollonio
699 4173 932 4245 restituendum
951 4184 1015 4255 est
1046 4171 1214 4254 Φιλόξενος,

99 4278 186 4363 quod
221 4281 411 4364 proposuit,
451 4281 506 4366 qui
538 4281 661 4365 primus
697 4280 750 4347 bic
786 4279 828 4345 de
860 4278 1042 4349 Philoxeno
1064 4277 1117 4364 agi
1148 4276 1214 4341 ani·
