2902 4822
700 431 798 512 71'

258 627 308 692 Ex
335 624 586 712 'Souhuleuruu‘t
619 620 765 694 lucorum
779 619 782 622 ’
798 619 902 712 primo
937 638 969 692 et
984 621 987 624 ’
1003 617 1204 714 aliquatenus
1237 651 1280 695 ex

169 735 274 798 attero
289 742 435 815 apparet,
455 732 542 815 quod
564 753 624 814 per
645 752 683 796 se
706 732 872 815 probabile
886 744 951 815 est,
972 733 1005 796 id
1024 755 1138 799 revera
1162 736 1281 799 factum

170 837 287 920 putaui,
311 835 461 900 videlieet
482 847 590 899 uotam
612 836 699 900 illam
722 838 755 900 in
784 837 941 920 exemplis
963 838 1014 919 iis,
1043 837 1162 921 quibus
1185 839 1281 903 schu-

169 941 284 1005 uastae
306 940 356 1003 usi
379 951 500 1022 esseut,
521 941 672 1004 versibus
694 940 889 1025 quibusque,
922 942 1038 1023 opinor
1066 943 1100 1004 in
1124 944 1280 1027 margine,

169 1044 330 1126 adpictum
352 1044 469 1107 fuisset
498 1044 586 1128 quud
608 1043 689 1107 alius
711 1042 917 1109 Scholiurum
938 1043 1049 1127 Eurip.
1081 1043 1175 1109 lucus
1204 1065 1281 1109 mox

169 1147 469 1211 commemorandus
492 1158 582 1212 extra
604 1167 733 1211 omnem
756 1148 986 1212 dubitationem
1008 1149 1108 1230 punit.

256 1249 365 1314 Schot
382 1250 548 1334 Aristoph.
571 1252 633 1316 Av.
647 1254 708 1335 763
732 1248 846 1334 ἀφύας]
871 1247 915 1315 ὅτι
936 1242 1143 1334 πληθυντικῶς
1163 1248 1282 1334 λέγουσι

167 1354 203 1419 τὸ
227 1352 333 1439 ἀφύας
377 1353 576 1438 Ἀρίσταρχος
598 1353 632 1420 δὲ
655 1353 711 1421 ούκ
733 1350 913 1436 ἀποδέχεται
939 1355 1153 1435 πληθυντικῶς.
1177 1353 1223 1420 διὸ
1244 1355 1280 1420 τὸ

167 1461 195 1547 ᾖ.
218 1493 261 1505 —-
285 1457 376 1521 Idem
399 1477 447 1521 vs.
470 1459 550 1524 304:
584 1459 628 1533 τίς
657 1459 761 1540 γλαῦκ’
784 1455 948 1541 Ἀθήναζε]
981 1455 1016 1519 τὸ
1045 1458 1073 1545 ᾖ,
1103 1453 1148 1522 ὅτι
1166 1459 1281 1543 ’ἤλλαξε

167 1563 203 1629 τὸ
225 1559 360 1626 τοπικύν·
392 1560 455 1625 ἔδει
476 1559 532 1646 γὰρ
566 1557 768 1645 ἐξἈθηνῶν,
801 1557 858 1625 ούιι
890 1557 931 1634 είς
950 1552 1083 1643 Ἀθήνας
1111 1558 1210 1628 εἰπεῖν.
1237 1599 1280 1610 -

167 1667 258 1731 Idem
283 1661 370 1729 Nuh.
396 1665 474 1729 518:
512 1662 538 1730 ὦ
567 1662 726 1750 θεώμενοι]
761 1662 853 1748 ἐχρῆν
877 1661 911 1727 δέ
933 1663 984 1747 τήν
1007 1660 1082 1737 λέξιν
1110 1663 1169 1731 ὑπὸ
1190 1664 1281 1753 τοῦ]

168 1772 378 1853 σημειοῦσθαι·
400 1766 549 1853 ἐχρήσατο
582 1767 639 1854 γὰρ
663 1774 776 1854 μετοχῇ
796 1764 857 1834 ἀντὶ
880 1764 1033 1853 ύνύματος.
1057 1803 1100 1816 -
1129 1767 1217 1832 Idem
1238 1768 1281 1833 ad

167 1872 249 1937 562:
283 1867 316 1935 εύ
339 1871 469 1957 φρονεῖν]
500 1869 568 1958 παρ’
593 1871 753 1939 ’ύπύνοιαν
785 1871 853 1938 θεὸν
889 1871 946 1959 γὰρ
977 1869 1075 1953 εἰπεῖν,
1109 1868 1279 1954 ἐλεύσεσθε,

167 1973 335 2060 ἐπίμσρεν,
356 1972 403 2041 ὅτι
424 1974 559 2060 φρύνιμοι
581 1975 682 2051 δόξετε
704 1973 850 2042 εἶναικαὶ
871 1977 997 2060 εύνομοι,
1019 1972 1070 2040 καὶ
1084 1970 1116 2039 εύ
1133 1982 1280 2059 φρονούν-

166 2077 217 2156 τές
238 2098 303 2164 μοι·
324 2080 370 2146 διὸ
395 2076 639 2164 ἐπισημειούσθαι
658 2080 709 2166 τήν
732 2079 808 2154 λε’ξιν
829 2082 893 2145 ἔδει
913 2079 948 2145 τὸ
971 2102 1002 2163 χ,
1030 2079 1085 2142 ubi
1112 2081 1178 2143 anti
1199 2076 1234 2142 τὸ
1257 2099 1280 2161 χ

166 2183 288 2250 excidit
306 2179 372 2249 διαί.
405 2181 446 2231 -’-
481 2184 568 2247 ldem
601 2185 643 2248 ad
673 2204 723 2249 vs.
757 2186 838 2250 819:
872 2183 942 2269 Δία]
975 2190 1028 2248 τού
1057 2180 1092 2246 δὲ
1120 2182 1175 2253 Δία
1201 2179 1278 2247 τὸα

166 2285 349 2354 ἐντείνασθαί
370 2308 443 2372 φησι
472 2286 631 2371 Σύμμαχος
657 2280 817 2362 Ἀττικῶς·
851 2285 927 2351 ἐνδεῖ
944 2285 977 2351 δὲ
999 2292 1052 2351 τού
1072 2308 1102 2368 χ.
1125 2319 1167 2332 -
1189 2285 1277 2349 Idem

165 2412 217 2455 ve.
240 2391 321 2457 959:
345 2390 498 2476 κωμήτας]
522 2395 549 2481 ᾗ,
573 2388 617 2456 ύτι
638 2390 778 2476 κωμήτας
806 2389 875 2466 τοὺς
896 2388 932 2455 ἐκ
952 2396 1005 2454 τού
1026 2386 1118 2454 αύτού
1139 2385 1277 2473 ἀμφόδου

164 2493 218 2562 καὶ
237 2493 329 2561 τύπου
351 2495 465 2576 ἐλεγεν,
898 2551 900 2556 .

253 2597 363 2663 Schol.
392 2598 548 2684 Aeschyli
575 2596 666 2681 Sept.
697 2597 772 2664 adv.
802 2596 904 2664 Theb.
928 2600 985 2662 79:
1020 2591 1218 2681 σρατύπεδον]
1240 2592 1275 2658 τύ

164 2699 202 2767 δὲ
237 2738 256 2791 χ
288 2699 365 2787 πρὸς
398 2701 449 2786 τήν
480 2699 624 2786 διαφορὰν
654 2708 708 2767 τού
737 2708 862 2786 στρατοῦ
893 2699 943 2766 καὶ
974 2707 1028 2765 τού
1060 2694 1259 2783 στρατοπέδου
1267 2713 1282 2756 ·,

165 2802 363 2890 στρατόπεδον
385 2802 442 2890 γὰρ
464 2808 596 2871 καλεῖται
616 2803 651 2869 τὸ
674 2803 843 2889 ἐνδιαίτημα
863 2811 914 2872 τού
934 2810 1119 2889 στρατολ-
1131 2801 1275 2883 Ohoeph.

165 2911 248 2976 529:
280 2906 389 2994 ἀνδρὸς
412 2908 536 2995 ὄψανον]
559 2907 707 2994 Ὀψανον,
736 2908 813 2993 ὄψις,
848 2908 1001 2990 φαντασία.
1046 2903 1089 2970 Τὸ
1119 2939 1136 2992 χ
1165 2901 1209 2983 δὲ,
1232 2900 1277 2968 ὅτι

165 3010 227 3079 ἀπὸ
250 3013 352 3097 ὄψεως
373 3012 526 3097 παρήγαγε
545 3010 580 3076 τὸ
603 3011 722 3097 ύψανον,
743 3009 778 3075 τὸ
801 3007 837 3074 ἐν
857 3018 910 3076 τοῦ
931 3007 1041 3093 ἀνδρὸς
1057 3001 1277 3092 Ἀγαμέμνονος

165 3113 329 3201 φάντασμα.
352 3150 394 3162 -
415 3115 524 3182 Pru'm.
548 3119 586 3181 9:
609 3113 682 3200 σφε]
705 3113 740 3179 τὸ
762 3151 780 3203 χ
808 3110 857 3179 διὰ
876 3111 911 3178 τὸ
934 3109 1002 3197 σφέ.

252 3218 310 3283 His
332 3220 459 3302 positis,
492 3216 684 3304 praesertim
713 3219 787 3283 locu
810 3216 917 3282 Orest.
950 3214 989 3280 81
1015 3212 1113 3297 supra
1144 3211 1276 3277 laudato

166 3342 232 3408 quo
253 3324 351 3387 modu
373 3320 532 3407 χισίζεσθαι
565 3334 598 3388 et
620 3318 817 3407 σεσημείωται
846 3320 960 3385 eadem
993 3327 1155 3403 potestate
1188 3317 1276 3381 iuxta

165 3436 327 3510 ponuntur
358 3427 553 3510 recordanti,
587 3447 651 3492 non
680 3436 789 3510 potest
821 3423 953 3488 dubium
983 3443 1069 3504 esse,
1100 3421 1178 3505 quin
1198 3430 1276 3482 nota

164 3528 220 3593 illa
242 3528 318 3595 olim
338 3532 379 3594 iis
403 3531 541 3615 quoque
555 3529 637 3594 louis
660 3529 807 3613 apposita
830 3528 936 3610 fuerit,
960 3527 1078 3612 quibus
1092 3515 1277 3587 inSehuliis

166 3632 302 3697 offensio
337 3653 423 3697 nunc
457 3633 528 3698 sola
560 3633 698 3699 formula
732 3629 928 3714 σεσημείωται
958 3628 1136 3706 indicatur,
1176 3622 1278 3688 veluti

165 3735 276 3800 Schul.
298 3736 414 3802 Cebeti
436 3737 591 3803 Androm.
615 3738 696 3801 607:
732 3731 875 3818 τρωθεὶς]
907 3729 1101 3815 σεσημείωται
1122 3724 1166 3791 uu
1191 3748 1274 3810 τρω-

165 3837 230 3914 θεὶς
257 3836 349 3921 εἶπεν,
379 3837 414 3904 ού
445 3841 581 3925 βληθείς·
614 3836 665 3905 καὶ
698 3835 754 3922 γὰρ
785 3833 900 3920 ἐβλήθη
929 3832 988 3899 ύπύ
1019 3839 1071 3897 τού
1099 3827 1276 3916 Πανθάρον·

167 3939 301 4027 διαφέρει
323 3940 412 4008 δὲτὸ
436 3944 582 4027 βληθῆναι
602 3948 655 4008 τού
675 3943 834 4026 τρωθῆναι.
857 3936 1018 4023 Ὅμηρος·
1303 3934 1305 3942 ’

248 4117 252 4125 ,
313 4043 453 4129 βέβληται
473 4045 525 4130 μὲν
547 4043 564 4109 ὁ
588 4045 735 4129 Τοθιίδης
755 4039 899 4128 κρατερὸς
919 4037 1078 4125 Διομήδης,

312 4149 448 4216 σύτασται
469 4142 496 4215 δ’
513 4143 668 4226 Ὀδυσεύς.

157 4249 309 4330 Ἄλλως(
334 4250 417 4340 παρὰ
443 4251 495 4340 τὴν
526 4251 668 4340 ἱστορίαν·
698 4248 839 4336 βέβληται
868 4243 926 4333 γὰρ
956 4244 1015 4315 ὑπὸ
1036 4238 1204 4330 Πανδάρου,
1238 4238 1274 4309 ού
