2902 4822
644 450 723 530 286

125 646 304 711 maluerunt
327 667 423 732 quam
445 643 611 731 ἐπισχοίης,
634 645 722 731 quod
743 656 833 712 esset
854 646 1026 713 Aeolicum
1045 649 1093 720 (v.
1112 643 1242 711 numm

125 775 157 836 p.
182 753 276 836 132),
308 763 345 816 ut
366 751 555 847 Alexander
575 753 629 836 ait,
653 763 707 817 aut
735 774 811 818 essa
833 762 1009 837 putaretur.
1051 748 1112 815 Est
1146 752 1242 817 etiarn

127 856 182 920 ubi
212 854 287 920 leot'
264 856 361 920 tionis
389 858 531 921 reiectae
553 858 637 922 ratio
665 876 707 920 ex
729 856 843 922 eadem
865 874 998 937 caussa,
1029 853 1150 920 diserte
1172 856 1243 939 qui·

128 961 200 1024 dem
223 978 287 1023 non
310 960 437 1044 tradita,
471 959 532 1025 sed
553 971 660 1024 umen
681 960 863 1045 divinanda,
892 962 1028 1045 repetita
1050 970 1112 1025 est.
1153 958 1242 1027 Iliad.

128 1087 154 1145 o,
179 1064 263 1129 179:

219 1165 397 1252 ἠπείλει
418 1165 470 1234 καὶ
489 1176 586 1244 saiva<
607 1166 762 1252 ἐναντίβιον
777 1102 951 1253 πολεμίξων

281 1267 383 1338 ἐνθάδ’
393 1269 595 1356 Ιίλιίσσιιίλοιι,

127 1388 161 1443 ut
183 1367 374 1462 Spitznerus
398 1376 507 1460 edidit,
541 1380 651 1444 invitis
673 1378 792 1443 ceteris
813 1377 1003 1462 editoribus,
1038 1380 1095 1464 qui
1110 1378 1245 1463 πολυμί-

127 1485 187 1557 <uu
221 1482 350 1565 habent,
385 1481 439 1546 iile
473 1501 539 1546 non
572 1494 672 1567 recte,
706 1483 734 1547 si
767 1481 1062 1548 Alexandrinorum
1083 1485 1246 1568 scripturn

127 1587 293 1672 sequenda
325 1588 395 1670 fuit,
433 1607 528 1672 quam
561 1588 645 1672 ipse,
681 1587 771 1674 quod
802 1589 874 1653 eius
903 1588 1069 1653 adnotatio
1091 1587 1244 1669 ostendit,

131 1711 194 1755 nou
229 1692 310 1756 satis
345 1692 522 1775 perspexit,
557 1692 632 1756 ideo
666 1693 762 1757 etiarn
797 1689 964 1756 Dnntnero
998 1690 1049 1756 De
1076 1690 1245 1757 Zenodoto

128 1817 161 1877 p.
192 1796 237 1859 78
268 1806 409 1860 notatus.
453 1792 579 1860 Etenim
609 1796 850 1881 disceptabatur
882 1795 1119 1879 Alexandriae,
1153 1815 1246 1880 prae·

129 1920 249 1965 sensne
275 1921 315 1964 an
336 1900 480 1965 futurum
507 1901 714 1967 scribendum
736 1911 835 1968 esset.
879 1899 991 1968 Sobel.-
1020 1900 1060 1963 A.
1080 1896 1248 1983 Ζηνόδοτος

130 2002 180 2069 διὰ
200 2010 254 2070 ποῦ
278 2016 300 2081 ζ.
345 2004 384 2069 V.
404 1999 607 2090 Ἀρίσταρχος
638 2003 673 2068 δὲ
695 2001 745 2068 διὰ
764 2011 817 2069 τοῦ
839 2005 856 2073 ὅ
878 2002 1020 2089 [scilicet
1040 2001 1247 2088 πσλιμήσιον].·

128 2105 211 2173 θέλοι
233 2105 378 2174 desistit
401 2105 446 2182 ὡς
467 2106 493 2172 el
514 2109 554 2193 μὴ
577 2108 614 2175 σὺ
637 2108 715 2191 ἄπει,
746 2107 857 2183 ἐκεῖνος
888 2105 1039 2174 ίλιίσιται
1059 2106 1248 2190 πολεμήσων.

129 2213 221 2278 λείποι
244 2211 279 2277 61
299 2211 334 2277 πὸ
358 2211 403 2278 σί.
435 2210 528 2276 Unde
550 2233 630 2278 vero
652 2214 889 2298 discrepantiae
910 2211 1018 2277 ensal
1040 2209 1093 2275 Ex
1106 2210 1247 2277 lectione

128 2317 304 2400 πολεμίξων,
336 2319 426 2383 iuxta
459 2315 609 2383 aSeliol.
645 2314 686 2383 V.
708 2318 835 2401 tradita,
870 2335 955 2402 quae
988 2336 1088 2401 σοιιιιι
1119 2313 1248 2381 Aeolioi

129 2419 249 2485 coloris
274 2421 426 2507 quiddam
448 2421 568 2486 habere
590 2420 759 2486 videretur
786 2423 852 2503 (est
871 2419 1088 2485 Doriensibus
1116 2418 1248 2504 quidem

131 2522 211 2589 baec
232 2524 336 2589 forma
357 2525 458 2589 futuri
479 2535 513 2589 et
533 2527 645 2591 antisti
668 2529 810 2611 propria,
831 2544 939 2610 neque
960 2525 1001 2589 ab
1026 2523 1248 2589 Aeolensibun

134 2637 255 2711 spreta,
289 2638 428 2693 testante
450 2628 580 2694 Pindari
604 2632 745 2694 carmine
767 2629 904 2718 Pythice
926 2629 971 2713 ll,
1005 2629 1047 2694 ad
1078 2627 1252 2694 Aeolicam

133 2733 345 2796 cummaxime
375 2743 408 2797 et
437 2733 633 2800 bar-monium
665 2745 700 2800 et
727 2735 924 2800 locutionem
956 2735 1151 2820 composito,
1182 2749 1249 2817 quo

131 2856 180 2901 vs.
202 2835 246 2901 44
268 2831 393 2921 ὀνόμαξε
414 2837 540 2923 exstat)
569 2840 828 2926 agrammaticis
860 2850 983 2905 tentata
1012 2839 1091 2904 fuit..
1122 2835 1250 2901 nonen

241 3015 299 3077 est,
318 3017 348 3064 ut
365 3008 488 3065 breviter
506 3008 646 3081 profligari
663 3017 791 3081 nequeat,
815 3026 923 3081 neque
923 3026 967 3063 me
985 3008 1076 3063 iudice
1094 2976 1250 3107 profligarit

242 3092 354 3153 Giesius
384 3094 476 3152 Ueber
510 3097 562 3152 den
593 3096 673 3153 Aeol.
705 3092 816 3153 Dialect
851 3114 878 3169 p.
911 3098 968 3150 163.
998 3110 1040 3167 sq
1068 3094 1129 3165 qni,
1162 3080 1249 3146 adstlss

243 3183 356 3254 palante
382 3182 521 3238 Duntzero
548 3184 588 3239 lie
615 3180 756 3238 Zenodoto
780 3201 807 3256 p
831 3184 882 3250 tt,
909 3176 1021 3238 critie'oi
1046 3172 1251 3234 Alexandrinos

242 3284 297 3323 non
323 3270 388 3324 aliis
405 3268 607 3342 exemplaribus
629 3266 798 3338 Homericis,
824 3282 905 3343 qnam
918 3271 988 3342 qui
982 3267 1032 3324 'sd
1050 3278 1162 3322 normas
1179 3266 1251 3329 lotn'a

241 3374 335 3411 aarum
360 3357 513 3413 litterarum
538 3358 701 3429 transcripta
725 3364 844 3425 essent,
857 3374 926 3415 usus
951 3368 1033 3423 esse,
1061 3354 1251 3415 domomum

239 3460 412 3517 summopere
443 3445 557 3499 adnisus
587 3451 645 3499 est:
676 3444 752 3517 quod
781 3446 807 3503 si
839 3446 878 3499 ita
905 3441 1101 3523 accipiendum
1131 3447 1190 3507 cat,
1204 3445 1252 3507 nt

238 3547 273 3585 ne
300 3531 385 3585 ullum
410 3530 522 3605 quidem
548 3532 696 3601 vestigium
726 3532 854 3602 antiquae
877 3526 1019 3587 scribendi
1045 3518 1251 3607 consuetudinis

238 3619 352 3673 iamtum
378 3619 407 3673 in
437 3615 654 3691 exemplaribus,
685 3632 756 3689 quae
783 3616 887 3671 criticis
916 3614 972 3669 illis
997 3612 1031 3669 ad
1059 3620 1155 3668 manns
1181 3609 1250 3679 inis·

214 3708 314 3771 sent,
346 3704 472 3758 relictum
500 3702 616 3772 suisset,
642 3718 698 3757 non
726 3702 844 3770 aceed03
875 3703 900 3756 si
925 3706 1016 3755 tamen
1044 3696 1251 3779 concedendum

238 3801 300 3859 cst,
329 3806 412 3862 spero
436 3792 525 3846 saltim
552 3789 605 3845 boc
624 3790 691 3844 mibi
716 3804 881 3845 cencessum
907 3790 959 3856 iri,
984 3790 1018 3842 ³iu
1043 3789 1104 3858 ipsu
1120 3786 1252 3841 transcri-

238 3876 344 3944 bendo,
375 3876 466 3933 sioabi
492 3878 526 3933 ds
551 3895 621 3933 vera.
640 3877 761 3933 lectione
784 3875 965 3943 dubitaretur,
994 3874 1125 3931 nonnulla
1140 3889 1252 3933 rentum

241 3967 325 4030 sisse,
350 3981 421 4036 qnae
448 3967 604 4021 etiamnunc
631 3966 801 4034 nunquam
829 3979 909 4037 usum
935 3961 1082 4019 referrent
1125 3960 1252 4033 Exempli

241 4051 304 4107 loeo
320 4067 402 4105 uuum
421 4051 486 4106 νιοσί
508 4051 604 4118 affero,
625 4050 697 4125 quod
715 4066 766 4123 pro
782 4048 850 4125 νομοί
873 4048 1043 4105 Zenodotum
1060 4047 1137 4109 llind
1156 4067 1182 4117 n,
1199 4050 1251 4103 411

239 4136 353 4208 legisse,
372 4140 491 4197 ostendit
514 4138 679 4210 egregieque
705 4138 821 4192 munivit
838 4134 976 4207 Berglrins
1000 4132 1032 4195 Ζ.
1050 4135 1070 4195 i.
1090 4132 1251 4191 66116116.

243 4228 318 4282 1646.
349 4244 376 4299 p.
398 4228 465 4293 482,
496 4223 664 4298 approbante
695 4223 833 4280 Duutaero
864 4222 883 4281 l.
907 4222 926 4279 1.
950 4240 978 4296 p.
996 4226 1041 4282 ut.
1076 4223 1141 4280 atta
1170 4221 1251 4294 plura

241 4310 340 4370 Nauck
357 4311 500 4387 Ariatopb.
514 4308 582 4386 Byr.
607 4328 635 4384 p.
651 4313 695 4369 63
