2902 4822
215 619 275 685 des
296 618 446 684 scieuoes
475 615 565 687 Seot.
586 616 655 683 Vll.
686 618 781 683 1655.
826 616 921 683 Alius
952 640 1067 687 rursus
1089 630 1152 707 est,
1174 624 1239 709 qui
1259 618 1330 707 cepi

214 730 431 808 μιτονομασιῶν
453 724 600 807 scripsit,
623 722 763 789 Leandri
786 724 979 809 cognomine
1000 725 1084 791 falso
1106 727 1288 812 appellatus
1309 745 1330 792 a

213 825 380 911 Stephano
402 827 444 892 do
466 827 538 894 urb.
560 847 590 891 v.
606 823 699 910 Ὕδη,
724 828 751 909 ⁸)
783 824 968 912 Cyrenaeus
990 839 1099 917 geute,
1121 839 1208 897 teste
1228 830 1331 897 Atlio-

211 948 294 994 naeo
317 927 385 996 Vll.
407 951 439 1015 p.
451 931 524 996 596.
558 928 594 995 F.
617 929 665 995 ct.
688 928 799 996 Vales.
821 931 863 995 ad
884 930 1043 1017 Harpocr.
1066 928 1199 1019 afdau.
1220 934 1330 1021 Aque

209 1030 373 1099 Nicanore
402 1054 444 1098 an
467 1035 712 1120 distinguendus
734 1035 777 1101 sit
805 1036 834 1100 is
857 1036 911 1120 qui
934 1056 953 1100 a
985 1034 1152 1122 Stephano
1168 1038 1207 1118 ,in
1228 1036 1330 1103 rebus

211 1137 442 1227 geographicis
464 1139 586 1223 passim
606 1137 765 1222 laudatur,
789 1160 842 1205 vr.
861 1131 1069 1226 Ἀλάβαστρα,
1090 1140 1200 1228 Δῆλος,
1217 1138 1332 1227 Ἱμίρα,

211 1236 318 1323 Μιίζα,
340 1242 467 1327 ignoro:
501 1251 625 1308 eertum
647 1264 729 1309 vero
756 1243 798 1309 ad
820 1245 1033 1308 recentiorem
1062 1244 1152 1310 illu'm
1180 1246 1243 1313 sub
1264 1244 1331 1312 Ha·

212 1343 326 1409 driano
348 1344 518 1411 florentem
540 1346 654 1412 referri
676 1347 797 1412 debere
820 1366 903 1432 quae
925 1347 1010 1412 idem
1032 1348 1126 1413 affert
1146 1346 1333 1417 vc’atn-

212 1449 268 1530 βις,
284 1441 497 1536 Ἀλεξάνδρεια
510 1451 581 1528 (ubi
592 1449 675 1516 liber
688 1449 755 1537 aspi
764 1445 992 1536 Ἀλεξανδρείας
1002 1452 1133 1534 citatur)
1152 1462 1185 1519 et
1199 1454 1331 1541 Τίβυρις,

213 1552 334 1639 quippe
355 1554 473 1639 quibus
489 1553 571 1620 locis
586 1565 618 1619 et
630 1553 781 1620 Hermiae
793 1556 814 1621 f.
825 1555 961 1639 dicatur,
984 1555 1072 1640 quod
1092 1556 1176 1623 idem
1192 1568 1333 1625 testatur

212 1654 343 1739 suidas,
366 1667 399 1721 et
421 1674 505 1742 opus
528 1657 625 1741 illud,
647 1657 811 1735 Hadriano
826 1659 1026 1743 inscriptum,
1048 1672 1330 1731 commemoretur.

210 1757 285 1824 Hoc
302 1779 383 1825 vero
397 1762 609 1847 antiquiorem
629 1764 732 1828 fuisse
748 1761 955 1846 Nicanorem,
970 1764 1026 1848 qui
1045 1764 1139 1831 ritae'.
1151 1763 1332 1831 Alexandri
1416 1790 1422 1797 ·

210 1862 255 1928 tt
277 1873 394 1928 auctor
421 1865 622 1951 perhibetur,
656 1865 797 1933 Scholiis
826 1864 986 1931 Platon.
975 1887 1008 1930 ιιι
1030 1866 1165 1934 Phaedr
1198 1884 1231 1955 p:
1253 1868 1330 1937 515.

174 2034 176 2037 ,
211 1966 318 2035 Belilr.
337 1979 560 2054 memoratum,
577 1968 763 2036 Lactantius
784 1971 932 2073 coarguit
943 1972 1020 2036 last
1033 1970 1058 2056 l
1069 1970 1107 2055 6
1120 1971 1176 2036 ubi
1191 1990 1277 2059 quae
1288 1972 1331 2039 de

211 2069 347 2157 Sibyllis
368 2070 574 2156 traduntur,
563 2094 596 2138 ιιι
615 2073 733 2160 quibus
746 2056 900 2140 Nicanor
907 2074 1066 2159 laudatur,
1081 2076 1138 2162 qui
1150 2084 1342 2166 ratpertus·

211 2174 405 2244 Alexandri
413 2176 608 2244 Macedonas
628 2180 766 2265 scripsit,
789 2197 828 2242 ea
850 2178 957 2243 omnia
980 2199 1020 2243 ex
1033 2176 1190 2245 Varronis
1202 2178 1331 2247 Rerum
1438 2212 1442 2221 ·

212 2280 391 2346 divinarum
412 2280 504 2349 libris
526 2295 769 2368 expromuntur.
812 2280 879 2346 lam
900 2301 979 2347 vero
1001 2281 1054 2347 hic
1080 2283 1167 2350 vitae
1188 2286 1332 2371 scriptor

210 2404 253 2451 au
285 2404 361 2452 cum
392 2398 527 2454 auctore
558 2387 633 2454 libri
664 2384 733 2473 cepi
767 2395 983 2473 pstoropcotdn
1016 2387 1103 2452 idem
1136 2388 1189 2475 sit,
1222 2408 1331 2477 neque

211 2489 355 2576 affirmo,
388 2512 495 2579 neque
516 2512 619 2579 nego,
654 2512 754 2579 quum
777 2512 815 2557 ca
838 2491 879 2555 de
902 2513 938 2556 re
959 2492 992 2555 in
1015 2500 1332 2579 utramquepartem

211 2593 370 2679 disputari
390 2599 504 2680 possit.
548 2594 694 2662 Eundem
717 2616 792 2662 esse
815 2617 888 2661 oum
910 2595 1039 2661 Balacri
1061 2596 1138 2679 lilio,
1166 2598 1222 2683 qui
1243 2596 1329 2664 haud

210 2698 313 2764 multo
335 2710 413 2786 post
432 2698 653 2766 Alexandrum
676 2701 719 2767 Μ.
738 2701 894 2783 floruerit,
917 2701 1085 2786 ingeniosa
1106 2698 1330 2767 esthocardi

210 2825 244 2888 p.
266 2802 319 2870 55.
341 2805 539 2871 coniectura.
583 2802 689 2870 Porro
710 2803 923 2869 nominandus
946 2813 998 2868 est
1018 2800 1163 2869 Nicanor
1185 2801 1330 2891 Samius,

212 2907 306 2975 euius
329 2909 370 2976 de
391 2909 499 2975 fluviis
521 2908 604 2974 liber
624 2909 789 2975 secundus
812 2907 962 2974 laudatur
982 2905 1158 2979 Plutarcho
1186 2908 1229 2975 do
1248 2908 1329 2979 tluv.

210 3033 244 3098 p.
268 3012 360 3079 1156
405 3012 457 3079 De
478 3013 641 3079 Nicanore
663 3014 806 3099 denique
825 3010 947 3099 Cyprio
976 3021 1085 3076 actum
1111 3030 1198 3078 nuuc
1217 3022 1330 3099 potest

209 3116 314 3183 uideri
335 3118 423 3202 apud
445 3116 569 3182 Arnob.
592 3116 655 3201 lV,
684 3119 744 3201 59,
768 3137 810 3182 ex
832 3135 898 3202 quo
920 3114 1120 3181 intellectum
1141 3124 1193 3183 ost
1212 3136 1233 3183 a
1254 3114 1328 3183 VV.

209 3217 283 3287 DI).
316 3220 490 3342 Nacupqrc
522 3241 583 3307 pro
615 3221 790 3288 llliearrora
821 3219 1057 3286 restituendum
1092 3240 1190 3287 esso:
1230 3224 1328 3308 quam

210 3325 402 3419 scripturam
432 3326 496 3390 iam
524 3326 737 3410 adoptaverat
760 3323 918 3406 Vossius,
953 3343 1050 3409 quem
1072 3325 1149 3391 vide
1180 3324 1232 3391 De
1252 3324 1328 3393 laist.

210 3426 269 3497 Gr.
289 3451 323 3514 p.
343 3430 409 3495 474
441 3438 475 3497 et
495 3430 569 3494 475.
613 3429 668 3494 Ad
698 3429 836 3496 eundem
860 3428 1056 3515 Nicagoram
1084 3430 1193 3497 refero
1214 3424 1330 3497 Sclaol.

209 3534 374 3621 Apollonii
396 3532 451 3618 lV,
475 3534 550 3617 566,
572 3531 735 3600 aVossio
757 3533 952 3620 neglectum
984 3531 1156 3599 Postremo
1178 3533 1255 3629 qui
1242 3512 1330 3598 Sto·

208 3638 316 3724 phano
339 3638 419 3725 Byz
447 3659 479 3705 v.
498 3633 580 3722 [ιρὰ
597 3634 685 3713 πόλις
714 3634 880 3721 Hierapoli
902 3634 1016 3701 Cariae
1039 3636 1195 3703 oriundus
1222 3630 1331 3713 irio<

199 3735 342 3831 ’Όμηρος
365 3744 497 3826 dicitur,
528 3741 614 3807 huno
635 3743 788 3825 suspicor
819 3740 983 3808 diversum
1006 3760 1070 3807 non
1099 3760 1175 3807 esse
1203 3736 1244 3805 alr
1273 3757 1328 3825 eo,

208 3848 296 3914 uude
312 3856 379 3915 tota
395 3849 477 3915 haec
494 3846 669 3931 disputatio
686 3855 800 3910 exorta
818 3855 880 3929 est,
903 3856 1037 3911 auctore
1051 3838 1182 3930 Ἰλιακῆς
1198 3850 1329 3929 σαγμῆς.

294 3951 466 4038 Proposita
489 3951 551 4016 hac
571 3949 769 4016 Nicanorum
791 3950 970 4034 variorum,
1001 3959 1161 4036 quotquot
1180 3946 1224 4012 ad
1244 3944 1329 4011 noti·

206 4056 285 4122 tiam
306 4075 411 4121 meam
431 4064 659 4141 pervenerunt,
681 4053 800 4137 tabula,
824 4054 938 4119 horum
960 4053 1110 4140 numquis
1132 4050 1173 4116 ab
1191 4057 1327 4116 auctore

256 4281 284 4351 a)
303 4279 338 4334 V.
357 4276 492 4337 Beccard.
510 4295 536 4352 p.
554 4280 597 4336 40.
616 4291 661 4351 aq.
