2902 4822
650 465 727 552 285

134 651 266 727 deorum
296 675 370 748 apte
392 667 545 749 invocari,
574 675 644 729 turn
673 664 761 749 quod
788 666 859 749 ipsa
892 667 1052 730 invocatio
1078 685 1098 730 a
1127 673 1240 731 tenore

132 768 396 852 subsequentium
419 768 563 854 separari
577 767 697 853 ubique
721 789 783 833 non
802 788 902 853 posse
914 768 1086 836 videretur.
1119 767 1242 832 Horum

133 873 343 956 vestigiorum
376 872 528 955 retiquias
559 875 790 956 pervestigauti
820 873 897 937 mihi
928 870 1162 935 exordiendum
1192 880 1243 936 est

133 977 173 1040 ab
196 997 235 1040 eo
257 978 449 1060 prooemio,
469 976 556 1059 quod
579 976 695 1061 legitur
717 978 745 1057 β,
767 976 843 1060 484,
873 976 1026 1061 quodque
1059 994 1159 1058 quum
1187 995 1243 1040 na·
1330 1009 1334 1016 ·

132 1082 218 1144 vium
251 1079 399 1164 catalogo
429 1081 606 1162 praefixum
637 1082 695 1164 rit,
727 1100 794 1166 quo
824 1078 944 1143 dudum
971 1076 1170 1143 intellectum
1192 1090 1243 1145 est

132 1185 295 1270 singulare
319 1183 481 1268 quoddam
504 1184 734 1267 comprehendi
756 1204 897 1267 carmen,
920 1184 1066 1266 inprimis
1088 1182 1130 1246 ad
1151 1178 1243 1247 natu*-

131 1309 199 1353 ram
221 1289 304 1352 hane
325 1289 567 1370 prooemiorum
589 1289 682 1352 istius
705 1291 835 1373 generis
849 1285 1075 1351 declarandam
1083 1289 1243 1352 inservire

131 1403 248 1475 potest
292 1390 401 1476 Atque
428 1392 551 1456 initium
582 1392 615 1454 id
636 1392 677 1456 ab
701 1392 815 1455 eodem
839 1411 938 1456 versu
966 1391 1052 1473 capit
1081 1409 1146 1475 quo
1168 1390 1243 1456 Hiss

131 1495 150 1580 ἡ
174 1491 223 1578 ἀφ’
233 1492 395 1569 Ἑλικῶνος
417 1514 534 1559 exorsa
557 1495 687 1559 dicitur:
710 1494 775 1560 illie
797 1515 895 1579 quum
918 1513 978 1578 pro
1001 1493 1110 1558 verbis
1123 1488 1242 1578 Ὀλύμ-

131 1622 184 1665 πια
206 1594 314 1683 δώματ’
337 1599 463 1682 ἔχουσαι
483 1599 672 1663 Zenodotus
695 1599 905 1664 substituisse
923 1593 1243 1684 traditur’Oitdptnu'a

133 1706 181 1778 δες
214 1703 407 1784 βαθύκολποι,
436 1705 469 1766 in
499 1704 550 1768 his
581 1722 645 1767 non
677 1702 863 1785 Homerum,
895 1723 990 1786 quem
1012 1703 1099 1767 istud
1121 1703 1244 1787 epithus,

131 1821 186 1872 tou
216 1827 320 1890 neque
343 1806 476 1870 Graecis
508 1806 706 1889 mulieribus,
736 1806 857 1870 nedum
883 1806 986 1870 Musis
1014 1823 1164 1891 umquam
1188 1808 1243 1871 ad·

131 1913 278 1996 signasse
311 1909 530 1993 Aristarchus,
560 1921 596 1974 ut
618 1912 745 1992 opinor,
774 1913 806 1974 in
829 1909 970 1974 Scholiis
1000 1909 1041 1975 A.
1064 1910 1241 1992 contendit,

131 2016 190 2078 sed
212 2015 408 2079 recentiores
431 2024 557 2097 poetas,
579 2013 680 2077 veluti
703 2013 876 2078 Pindarum
893 2013 1033 2099 Pyth,
1008 2012 1021 2075 1
1051 2011 1100 2096 12,
1125 2033 1243 2098 sequu-

130 2129 182 2182 tus
205 2118 338 2181 videtur.
384 2116 431 2181 of.
455 2116 558 2182 Lehrs
580 2116 759 2184 Aristaroh.
782 2138 813 2200 p.
839 2118 911 2182 119

215 2219 309 2285 Haud
331 2221 437 2285 minus
458 2221 661 2285 manifestum
683 2220 828 2286 eiusdem
847 2220 1042 2285 conditionis
1060 2218 1244 2303 exemplum'

131 2323 264 2407 praebet
286 2327 480 2407 certaminis,
504 2324 592 2409 quod
614 2344 688 2388 cum
710 2323 953 2408 Agamemnone
971 2325 1039 2388 iniit
1050 2323 1243 2407 Iphidamasp

130 2428 289 2513 huiusque
322 2430 435 2494 mortis
465 2439 498 2494 et
529 2427 716 2512 sepulturae
749 2429 908 2492 enarratio
937 2427 1171 2508 nats-263,
1199 2426 1242 2490 ab

131 2532 244 2595 eodem
268 2552 366 2598 versu
388 2535 557 2617 incipiens,
580 2539 678 2615 atque
700 2532 797 2595 certis
819 2533 865 2596 ita
886 2533 955 2597 suis
973 2531 1245 2621 ΐιυδλιυυ-υἰυυυιιιυΙ

132 2637 271 2719 scripta,
301 2649 430 2700 utnon
463 2637 569 2721 possit
597 2643 666 2699 ‘non
688 2647 749 2718 pro
771 2634 926 2720 singulari
955 2639 1097 2702 carmine
1118 2636 1246 2701 haberi.

129 2739 282 2804 Eiusdem
316 2741 508 2807 conditionis
541 2751 619 2805 sunt
650 2739 704 2803 alii
738 2739 803 2803 duo
841 2738 947 2804 Iliadis
985 2739 1076 2822 loci,
1106 2740 1241 2804 eandem

129 2843 294 2908 Musarum
317 2846 553 2908 invocationem
576 2845 610 2907 iu
631 2843 736 2907 fronte
758 2853 921 2927 gerentes,
944 2845 1047 2924 &508
1070 2855 1102 2907 et
1122 2843 1248 2924 midde

129 2949 268 3012 fortasse
289 2947 339 3012 his
363 2950 458 3013 etiam
481 2948 601 3031 plures,
626 2955 709 3030 quos
731 2947 919 3029 perquirere
949 2946 1027 3010 nihil
1048 2946 1099 3010 hic
1120 2947 1250 3010 attinet.»

129 3049 165 3113 ln
188 3051 337 3136 Odyssea
360 3063 477 3133 tamen,
499 3050 589 3136 quod
611 3049 751 3115 notabile
774 3049 909 3132 videtur,
933 3049 1055 3114 nullum
1077 3050 1250 3114 eius-veut

130 3176 186 3221 sus
208 3156 390 3240 exemplum
418 3155 625 3239 deprehendi.
671 3153 822 3218 Ceterum
845 3153 978 3218 mirifice
1004 3153 1250 3220 eonvenit'hoc-

130 3262 368 3342 prooemiorum
382 3281 486 3346 genus
502 3281 575 3325 eum
588 3279 628 3325 ea
637 3259 831 3344 hymnorum
846 3259 1012 3342 epicorum
1025 3258 1142 3340 classe,
1158 3260 1249 3341 quaet
1280 3301 1281 3304 =

130 3364 295 3447 proprium
319 3365 475 3447 prooemii
497 3383 615 3428 nomeu
645 3362 790 3446 accepit,
824 3364 940 3427 sinon
962 3361 1117 3442 consilio,
1152 3371 1244 3424 certo

130 3486 169 3530 eo
193 3468 280 3550 quod
302 3469 334 3532 in
357 3467 493 3535 eaodem
515 3468 584 3532 fere
607 3467 741 3531 formam
764 3467 944 3550 composita
968 3476 1035 3548 est,
1070 3464 1252 3546 simillima„

130 3571 237 3636 veluti·
251 3571 398 3657 Hymnus
421 3569 454 3637 iu
470 3572 649 3638 Dioscuros
665 3570 857 3635 Homericus
880 3567 1033 3633 XXXHI.
1056 3567 1164 3632 Herm.
1188 3587 1249 3630 ou·-

129 3677 180 3740 ius
202 3677 345 3741 initium:

280 3773 377 3864 Ἀμφὶ
398 3778 468 3855 Διὸς
489 3773 617 3865 κούρους
635 3775 826 3852 Ἕλικώυιδες
847 3776 956 3841 ἔσπετε
977 3777 1129 3859 Μούσου,4
1211 3803 1214 3853 ;
1246 3800 1250 3828 ³

285 3885 479 3968 Τυνδαρίδας,
501 3885 605 3969 Λήδης
626 3880 828 3966 καλλισφύρου
851 3877 949 3962 ἀγλαὰ
969 3876 1066 3962 τέκνα,
1169 3920 1172 3924 ·
1190 3912 1208 3921 1·
1247 3913 1252 3935 ι

286 3981 475 4070 Κάστοραδ
498 3985 663 4070 ἱππόδαμον
685 3983 736 4051 καὶ
757 3981 916 4070 ἀμώμητον
938 3983 1148 4066 Πολυδεύκεα,
1215 4025 1217 4029 ,

132 4090 187 4155 ubi
210 4111 274 4155 non
297 4090 441 4156 dubitavi
471 4091 632 4176 Heringae
654 4105 688 4155 et
709 4090 891 4155 Ruhnkenii
920 4091 1136 4154 coniecturam
1157 4086 1242 4156 ‘Eiu-

131 4195 255 4269 κιονίδες
271 4215 331 4278 pro
350 4195 438 4280 vulg.
460 4192 636 4270 ἑλικώπιδες
658 4195 837 4277 suscipere,
861 4194 955 4258 etiam
971 4193 1131 4260 Passorio
1153 4214 1241 4260 conr-

130 4298 299 4383 probatam
321 4308 354 4365 et
376 4299 542 4366 defensam
564 4299 606 4366 ad
625 4298 774 4366 Persium
796 4319 827 4384 p.
850 4299 924 4366 212
955 4325 958 4356 τ
