2902 4822
624 372 815 509 ‘220

224 624 277 690 vel
299 625 446 708 pluribus
469 626 606 709 vicibus,
630 636 696 690 turn
719 628 814 690 etiam
836 628 928 690 initio
941 630 1119 692 ornamenti
1133 619 1203 693 lere
1215 650 1334 696 caussa

224 729 323 793 veluti
344 731 376 791 in
399 731 654 813 praescriptione
677 730 750 792 libri
773 729 822 793 lll.
846 730 1044 815 Thucydidis
1065 729 1255 813 Cassellaui,
1278 735 1335 799 uhi

223 834 323 896 verba
357 834 558 907 Oroandicum
591 841 761 918 συγγραφῆς
790 832 818 916 γ’
850 836 883 897 in
915 833 1022 897 medio
1053 854 1151 899 versu
1173 836 1334 902 collocata

222 938 372 1020 utrinque
401 936 515 1021 sigillis
548 936 589 1000 ad
621 938 716 1001 istam
739 939 880 1001 formam
910 939 1076 1021 expressis
1109 936 1352 1006 includunturt'

222 1061 318 1123 quam
332 1042 435 1123 ipsam
447 1041 517 1103 eius
530 1038 660 1104 Codicis
675 1042 821 1126 paginam
835 1042 962 1105 exhibet
982 1054 1133 1106 accurate
1150 1044 1336 1128 exemplum

221 1164 239 1207 a
262 1143 383 1206 Theod.
406 1142 559 1207 Fischero
581 1145 757 1227 redditum,
792 1165 889 1227 supra
921 1145 948 1226 §.
972 1145 1014 1207 66
1036 1158 1335 1212 commemoratum.

222 1243 373 1309 Ceterum
396 1247 479 1311 hane
502 1248 586 1332 signi
608 1247 743 1332 figuram
771 1249 804 1326 ζ-
837 1247 923 1310 haud
952 1247 1048 1330 plane
1078 1267 1195 1313 novam
1228 1270 1335 1336 neque

221 1349 263 1413 ab
287 1346 518 1417 ecclesiasticis
541 1353 756 1437 excogitatam
779 1371 865 1432 esse,
889 1351 1041 1414 adnotavi
1064 1359 1091 1425 s.
1115 1352 1166 1414 at.

222 1451 228 1457 '
309 1453 398 1518 llaec
421 1457 545 1536 omnia,
580 1475 663 1539 quae
693 1454 733 1516 de
756 1475 816 1518 usu
841 1457 1070 1519 asteriscorum
1103 1466 1136 1518 et
1164 1455 1333 1521 obelorum
1372 1516 1381 1535 4

222 1559 306 1641 apud
341 1558 514 1643 Origenem
550 1558 720 1641 disputavi,
754 1557 858 1621 fusius
881 1560 1071 1640 exponenda
1093 1559 1232 1640 fuerunt,
1265 1580 1332 1645 quo

108 1740 111 1746 ι
222 1662 384 1742 docerem,
409 1682 479 1725 eam
502 1662 630 1744 quidem
654 1681 733 1724 usus
756 1662 923 1741 rationem,
947 1682 1041 1746 quam
1066 1663 1235 1745 descripsi,
1256 1659 1333 1746 Epi·

221 1764 329 1848 phanii
351 1775 439 1827 certe
463 1765 653 1828 testimoniis
685 1765 764 1827 satis
797 1763 897 1827 firmis
920 1763 985 1824 niti.
1029 1760 1112 1825 Nam
1134 1784 1233 1850 aegre
1260 1765 1333 1830 fero

222 1866 310 1951 quod
331 1867 585 1931 dissentiendum
616 1867 692 1930 mihi
715 1878 765 1931 est
788 1887 806 1929 a
829 1865 1089 1949 Montefalconio,
1123 1871 1178 1952 qui
1200 1879 1334 1934 utente

221 1989 295 2034 eum
324 1991 418 2035 nemo
448 1982 550 2035 toturn
581 1970 665 2033 hunc
694 1971 801 2034 locum
824 1968 1067 2053 diligentissime
1095 1982 1332 2056 perscrutatus,

220 2076 264 2137 ita
294 2074 402 2138 retulit
424 2074 444 2138 l.
467 2073 489 2139 l.
524 2096 556 2158 p.
588 2076 642 2157 75,
676 2085 712 2137 ut
740 2074 774 2136 in
806 2072 897 2136 LXX
926 2071 1003 2156 quid
1037 2072 1197 2138 adiectum
1229 2086 1332 2160 esset,

219 2180 389 2261 asterisco,
425 2180 501 2263 quid
522 2177 770 2262 expungendum
794 2177 968 2257 videretur,
999 2175 1095 2239 obelo
1127 2177 1168 2240 ab
1191 2177 1334 2261 Origene

220 2290 362 2344 notatum
395 2282 531 2346 diceret:
566 2281 653 2365 quod
686 2281 772 2343 idem
804 2288 971 2363 praeterea
1005 2278 1094 2342 addit
1128 2279 1169 2343 de
1202 2280 1333 2347 duobus

219 2387 366 2468 punctiS,
403 2383 435 2468 ἶ,
470 2386 588 2469 cuique
618 2386 713 2468 signo
746 2385 898 2466 appictis,
934 2382 968 2445 id
999 2400 1064 2445 nou
1092 2381 1168 2446 lacit
1197 2384 1238 2448 ad
1262 2405 1331 2449 rem

219 2499 374 2570 nostram,
398 2508 503 2572 neque
526 2509 563 2552 ea
586 2487 718 2551 notandi
750 2489 831 2550 ratio
854 2487 991 2568 abipso
1014 2485 1154 2568 Origene
1183 2487 1331 2570 prosecta

217 2591 353 2655 videtur.
387 2589 491 2655 Valde
504 2602 611 2654 autem
632 2592 746 2654 mirum
769 2591 907 2654 eundem
924 2589 1210 2654 Montefalconium
1231 2591 1330 2674 paulo

217 2705 293 2778 post
312 2715 342 2777 p.
362 2695 405 2756 78
424 2692 607 2777 exemplum
628 2695 661 2757 in
679 2694 819 2757 medium
841 2693 1025 2776 protulisse,
1046 2712 1112 2778 quo
1125 2692 1331 2776 praetermis·

218 2818 287 2862 sam
301 2818 319 2861 a
331 2797 424 2860 LXX
435 2816 549 2860 vocem
563 2795 765 2878 Hebraicam,
789 2817 806 2859 a
820 2794 1017 2880 Symmacho
1029 2796 1220 2879 suppletam,
1244 2805 1331 2860 aste·

217 2896 412 2986 riscisigno
429 2897 587 2986 Origenes
609 2921 745 2984 prorsus
767 2900 808 2964 ad
833 2899 967 2963 eandem
992 2899 1148 2962 rationem
1171 2910 1329 2982 notasset,

217 3004 336 3087 quaid
359 3004 398 3067 ab
422 3023 462 3068 eo
485 3004 701 3088 Epiphanius,
717 3015 762 3068 ‘ut
783 3003 943 3083 vidimus,
979 3002 1047 3066 ficri
1070 3001 1200 3066 solitum
1222 3001 1329 3067 tradit.

302 3108 337 3186 3)
370 3107 572 3184 Lcmniscus,
607 3128 702 3191 quem
733 3108 794 3171 hac
825 3106 928 3190 figura
952 3101 1006 3186 ’ζ
1041 3105 1171 3169 exhibet
1203 3102 1330 3170 Tabula

216 3221 366 3272 notarum
388 3229 438 3292 ap.
461 3209 746 3275 Montefalconium
767 3210 938 3294 Palaeogr.
962 3208 1016 3273 Gr.
1043 3230 1074 3291 p.
1092 3209 1165 3273 370.
1187 3207 1329 3292 Epipha-

217 3313 289 3375 nius
312 3303 343 3394 ρ.
368 3310 448 3375 164:
478 3311 587 3377 Λοιπὸν
610 3311 660 3379 καὶ
688 3312 756 3398 περὶ
784 3320 837 3378 τοῦ
864 3313 1015 3397 λιμνίσκου
1044 3309 1095 3377 καὶ
1117 3311 1327 3396 ὑπολιμνίοαου

217 3404 378 3498 crapario.
424 3416 579 3500 Λιμνίσκον
613 3424 681 3500 γοῦν
715 3416 766 3481 τὸν
787 3415 866 3482 οὕτω
899 3413 1084 3500 γραφόμενον
1121 3413 1166 3489 ὡς
1195 3415 1262 3499 ἔχει
1291 3414 1327 3481 τὸ

215 3516 404 3602 προκείμενον
426 3520 472 3600 -1-
492 3506 619 3603 ’σημεῖόν
643 3518 712 3600 ἐστι,
744 3521 863 3604 γραμμὴ
896 3520 959 3603 μία,
993 3515 1235 3603 μεσολαβουμένη
1268 3516 1328 3584 ὑπὸ

215 3616 401 3704 κεντημοίτων
424 3621 489 3703 δύο,
512 3621 604 3687 εἴτουν
626 3627 762 3706 στιγμῶν,
790 3623 858 3707 μίας
879 3620 931 3706 μὲν
960 3619 1062 3687 ἐπάνω
1093 3621 1197 3705 οὔσης,
1217 3620 1328 3708 τῆς”·δὲ

215 3725 310 3808 ἄλλης
334 3717 486 3807 ὑποκάτω,
516 3723 599 3810 παρὰ
620 3722 731 3808 ἰατροῖς
752 3729 971 3808 φὐσιυλογιιιῶς
993 3724 1138 3808 εὑρᾶσθαί
1161 3745 1244 3808 φασι,
1269 3725 1329 3790 ’καὶ

215 3824 389 3912 ὢνομᾶσθοιι
410 3825 471 3893 ἀπὸ
504 3835 557 3912 τῆς
578 3824 655 3892 κατὰ
675 3827 710 3892 τὸ
733 3836 822 3912 σῶμα
843 3827 1040 3911 χειρουργίας,
1069 3827 1122 3891 δύο
1145 3825 1197 3912 μὲν
1222 3825 1355 3893 ἁπλῶν*

213 3929 313 4016 τόμιον
346 3929 565 4016 διαιρουμένων,
598 3927 686 4013 μέσον
706 3929 754 3995 Ἰδὲ
787 3939 846 3995 τῶν
881 3925 1053 4011 διαιρέσεων
1082 3936 1136 3994 τοῦ
1166 3925 1331 4013 τμηθέντος

213 4032 306 4099 τόπου
335 4032 384 4098 διὰ
415 4031 469 4107 τὰς
489 4027 558 4117 παρ’
582 4028 727 4117 ἑκατέροις
760 4032 859 4108 ἁπλᾶς
893 4031 947 4095 δύο
977 4029 1069 4115 ’τομὰς
1090 4029 1200 4114 ὀβελοῡ
1223 4039 1328 4117 σχῆμα

213 4144 267 4202 τοῦ
289 4133 426 4220 σώματος
456 4133 668 4210 ἀποτελοῦντυς
699 4132 744 4219 δέ,
767 4132 786 4200 ὅ
807 4133 868 4200 ἐστι
888 4136 984 4199 λινοῦν
1007 4131 1112 4218 ρᾶιιος,
1145 4132 1189 4210 εἰς
1216 4134 1327 4200 λεπτὸν

214 4237 265 4307 καὶ
293 4238 407 4327 μακρὸν
438 4246 541 4326 σχῆμα
568 4235 788 4326 ἀποαμηθέντος
822 4235 1040 4324 ἐμβαλλομένου
1074 4235 1136 4308 ἀπὸ
1168 4246 1223 4327 τῆς
1256 4238 1330 4326 μίας·
