2902 4822
746 427 825 521 tot

228 623 387 707 ueniente,
407 624 435 699 ⁴)
453 621 686 707 ›Massiliotion
720 619 851 708 Cypria,
882 617 1059 705 Cretensis,
1088 620 1255 712 Sinopiea‚
1277 625 1342 697 Ar·

225 727 344 813 goliea,
367 747 452 813 quoe
474 746 712 812 nonnumquam
734 725 877 812 generali
899 724 1103 808 politicarum
1125 731 1255 797 nomine
1271 731 1341 797 lau

224 831 402 915 dantur⁵);
424 841 492 897 tum
515 852 597 917 quae
619 831 741 916 passim
762 821 826 895 κατ’
850 827 945 913 ἄνδρα
966 832 1179 919 nominantur,
1201 844 1238 900 ut
1255 854 1341 921 queo

224 935 429 1021 singulorum
449 938 593 1001 virorum
616 935 723 1003 studio
755 943 789 998 et
810 930 923 997 labore
952 931 1007 997 vei
1029 935 1124 999 etiam
1146 937 1239 1003 iussu
1261 957 1341 1003 eon·

225 1040 372 1105 sinuatae
405 1050 531 1125 essent,
567 1039 751 1104 diorthoses
784 1035 962 1118 Zenodoti,
996 1033 1122 1131 Rhiani,
1154 1037 1339 1127 Sosigenis,

222 1143 433 1228 Philemonis,
456 1145 684 1230 Aristophanis
707 1143 788 1229 Byz.
806 1145 851 1224 ⁶),
873 1140 1065 1226 Aristarchi,
1089 1138 1337 1233 Antimachi'),

219 1249 324 1334 Arati,
358 1250 557 1333 Aristotelis,
592 1249 708 1334 quibus
739 1246 931 1315 editionibus
964 1245 1131 1314 addendae
1165 1270 1263 1335 (portaev
1282 1253 1337 1317 vel

220 1349 316 1420 κοιναὶ
328 1352 381 1418 vel
398 1350 548 1438 δηρώδεις
560 1352 715 1437 appellari
731 1351 848 1419 solitae
858 1360 949 1414 sunt.
967 1353 997 1430 8)
1024 1351 1194 1418 Addamus
1208 1358 1337 1441 quasin

216 1460 269 1542 iis,
291 1480 375 1544 quas
384 1457 544 1544 Didymus
558 1457 771 1540 adhibuisset,
787 1457 1051 1520 commemoravit
1066 1456 1222 1524 Lehrsius
1238 1459 1333 1529 Stud.

219 1560 402 1631 Aristaroh.
412 1582 445 1645 p.
457 1561 507 1626 29.
519 1581 581 1645 sq,
596 1559 646 1644 ιὴν
660 1557 848 1640 πολύαρχον,
868 1557 961 1621 ouius
974 1556 1219 1642 appellationem
1234 1561 1337 1649 expli·

218 1675 272 1730 eat
285 1663 469 1729 Dtiutzerus
477 1685 513 1747 p.
525 1664 579 1747 41,
592 1661 749 1744 Philetas,
762 1660 947 1744 callistrati,
962 1662 990 1744 ⁹)
1004 1661 1182 1748 Aeohoam,
1194 1664 1336 1751 denique

219 1767 393 1854 oyolioam.·
419 1764 472 1829 Ex
489 1766 619 1830 novitiis
641 1765 829 1832 adiiciamus
849 1764 996 1850 exempla
1013 1766 1249 1850 Appellioontis
1265 1768 1336 1835 deii

217 1884 251 1938 et
273 1870 502 1957 Tyrannionis,
521 1868 698 1953 dequibus
722 1868 875 1935 disseruit
890 1867 1016 1936 Villois.
1028 1869 1116 1935 Prol.
1140 1894 1172 1957 p.
1194 1871 1334 1940 XXXV.

215 1976 325 2061 Atque
348 1973 557 2039 diorthoseon
572 1970 817 2039 Homeriearum
839 1975 903 2039 iam
921 1973 1116 2041 Aristoteles
1137 1978 1334 2045 mentionem

215 2081 349 2164 iecerat,
370 2081 411 2161 ¹⁰)
443 2089 540 2164 atque
562 2076 705 2142 Timonis
728 2077 912 2164 philosophi
934 2090 1051 2164 aetate,
1079 2090 1163 2146 teste
1183 2079 1333 2166 Diogene

214 2181 322 2249 Laert.
344 2181 400 2246 ΙΧ.
430 2203 464 2266 p.
487 2183 562 2249 600.
590 2182 641 2248 ed.
667 2180 813 2266 Menag,
845 2181 885 2245 de
908 2181 1040 2271 Homeri
1062 2178 1199 2268 ἀρχαίοις
1219 2180 1333 2269 καὶμὴ

88 2280 93 2290 ’
213 2286 276 2374 ἤδη
310 2282 531 2372 διωρθωμέννις
565 2281 753 2371 ἀντιγράφοις
785 2306 894 2352 sermo
927 2288 1008 2372 suit,
1043 2300 1112 2361 tum
1142 2298 1179 2353 ut
1208 2288 1332 2353 nuttam

212 2438 523 2462 --.—-.-—-———-²¹

266 2533 299 2594 4)
318 2526 351 2586 V.
370 2528 478 2586 Villois.
497 2527 572 2582 Proi.
589 2526 668 2581 Hom.
686 2544 712 2598 p.
730 2525 846 2582 XXXV.

266 2636 296 2701 b)
314 2630 348 2685 V.
365 2631 474 2686 Villois.
491 2630 510 2684 l.
529 2631 548 2688 l.
567 2648 593 2702 p.
606 2627 710 2686 XXVI.
743 2628 829 2688 Wolf.
850 2629 960 2703 Proieg.
977 2650 1005 2704 p.
1024 2632 1157 2692 CLXXV.

266 2741 296 2807 6)
314 2735 408 2791 Utrum
427 2734 567 2790 semeiae
585 2733 629 2788 bis
648 2733 797 2789 Homerum
815 2735 1016 2808 Aristophanes
1041 2738 1167 2807 ediderit,
1185 2741 1327 2800 insertum.

317 2826 351 2882 V.
371 2824 479 2879 vittois.
497 2824 515 2878 l.
529 2824 548 2878 l.
566 2843 593 2897 p.
611 2822 714 2878 XXiii.
750 2825 819 2879 item
837 2839 871 2876 an
890 2831 965 2878 recte
979 2824 1096 2881 fecerint
1114 2825 1185 2881 idem
1200 2836 1228 2883 et
1244 2826 1328 2885 Wol-

317 2912 381 2979 fius,
401 2927 484 2983 ,quum
503 2912 532 2964 in
549 2909 656 2965 Scholii
674 2907 743 2964 Ven.
764 2905 844 2962 liiad.
864 2928 880 2973 t,
898 2910 932 2961 73
949 2909 1058 2979 verbis:
1089 2910 1165 2974 οὕτως
1187 2912 1267 2989 iperi]
1284 2925 1328 2971 τοῦ

313 2995 470 3070 Ἀντιφάνους
488 2996 619 3074 sephion:
637 2995 829 3068 Aristophanis
847 3012 947 3050 nomen
965 2997 1151 3069 reponendum
1169 3000 1324 3059 suaderent

315 3086 376 3142 Hoc
394 3093 471 3141 certe
489 3086 569 3139 modo
591 3084 786 3157 Aristophanis
805 3082 956 3139 diorthosin
980 3084 1047 3139 alibi
1064 3102 1119 3141 nou
1136 3092 1248 3144 memini
1264 3090 1326 3145 lau·

315 3173 384 3228 dari.
416 3171 616 3227 Grammaticus
638 3171 705 3226 mibi
723 3170 833 3243 quidem
849 3168 959 3225 videtur
976 3170 1127 3241 significari
1140 3171 1326 3247 Aristophane

315 3258 460 3330 antiquiorss

265 3367 296 3437 t)
315 3364 356 3420 Cf.
376 3360 458 3419 stou.
475 3359 631 3416 Antimaeh.
649 3380 674 3434 p.
691 3355 736 3433 io.
754 3379 796 3435 sq.

265 3472 295 3542 8)
312 3471 355 3525 De
373 3467 486 3523 Homeri
504 3466 646 3539 exemplis,
665 3483 736 3537 quae
753 3466 887 3522 hacteuus
904 3468 1125 3537 commemorari,
1142 3468 1268 3541 plurffius
1279 3488 1325 3527 ex·

315 3557 407 3630 posuit
421 3553 538 3609 Villois.
550 3553 569 3607 Ι.
582 3553 602 3610 i.
616 3571 641 3624 p.
656 3549 759 3610 xxflr.
777 3570 840 3624 sap,
856 3571 938 3625 quem
956 3557 1040 3609 etiam
1057 3556 1087 3610 iu
1103 3554 1240 3613 laudando
1258 3558 1324 3613 Ari-

316 3640 414 3698 stotele
445 3641 555 3711 sequuti
591 3656 685 3695 sumus
719 3638 899 3695 disserentem
929 3658 958 3712 p.
984 3639 1078 3708 XXV,
1112 3659 1201 3715 paene
1229 3645 1323 3699 iuviti:
1421 3646 1429 3671 ·'

316 3734 567 3807 'quamquam-eam,
585 3743 657 3798 quae
670 3727 708 3786 ,de
727 3726 856 3799 Stagirita
874 3728 970 3796 sertus,
994 3728 1094 3784 samam
1113 3729 1232 3787 Wotflus
1250 3730 1324 3788 Ptol.

313 3832 342 3887 p.
360 3812 507 3870 CLXXIV.
525 3829 569 3884 sq.
587 3812 732 3885 deprecari
749 3831 804 3868 non
822 3833 905 3871 ausus
920 3824 976 3890 test.

262 3920 293 3987 9)
312 3918 449 3973 Cratetem
472 3916 605 3971 Lehrsius
633 3916 708 3973 addit
731 3935 785 3973 non
808 3926 895 3985 reete,
919 3920 1054 3992 siquidem
1078 3923 1150 3979 hune
1173 3924 1323 3981 editionem

315 4009 458 4059 contextus
477 4001 635 4057 exhibuisse
654 4002 834 4061 demonstrari
851 4009 955 4079 nequit.
976 4040 979 4045 -

263 4111 312 4171 ¹⁰)
331 4105 451 4178 Sophist.
470 4105 577 4162 elench.
596 4109 623 4173 3,
645 4111 670 4164 t.
689 4126 716 4182 p.
731 4112 793 4166 tsstt.
814 4109 902 4164 Rekk.
931 4111 1003 4186 Παρὰ
1028 4110 1056 4165 tt
1072 4111 1118 4189 τὴν
1140 4112 1279 4190 προσῳδίαν
1295 4113 1322 4170 ἐν

312 4195 357 4268 pis
381 4201 432 4252 τοῖς
448 4193 505 4251 ἄνω
531 4205 625 4274 γραφῆς
643 4197 800 4260 tenestem<
816 4197 845 4253 ob
862 4195 944 4276 ριἱδιον
961 4210 1061 4279 ποιησαι
1078 4203 1159 4278 λόγον,
1184 4205 1211 4261 o
1226 4205 1254 4261 di
1269 4214 1322 4268 τοῖς

311 4284 482 4427 tutteetnp
498 4284 538 4340 καὶ
555 4285 672 4361 ποιήμασι
688 4287 792 4363 mtto,
808 4286 859 4342 oto
875 4286 916 4342 ιιι
931 4288 973 4344 ιιι
988 4283 1321 4372 mmmmm

479 4378 488 4429 ι
