2902 4822
687 460 735 534 21

162 656 287 733 spectat
317 668 400 753 quae
429 646 516 732 apud
543 646 675 715 Snidam
706 653 872 734 praeeedit
903 652 1033 738 glossa:
1071 648 1272 735 Ἀκοστήσας·

162 747 319 836 κριθιάσας
340 762 400 818 etc
433 752 484 815 Ex
508 754 558 818 his
581 755 738 838 sequitur,
762 753 791 819 ἐν
815 754 884 839 ἄχει
904 754 1069 840 γενομέναις
1090 765 1146 820 aut
1163 753 1273 817 deberi

162 855 272 937 inepto
302 854 515 938 compilatori,
549 858 669 939 quippe
691 855 867 922 Aristonici
897 858 1040 944 glossam
1067 856 1273 922 Homericam

163 957 303 1022 lemmati
324 955 503 1042 ἀκοστήσαις
524 956 654 1043 ἡμιόνοις
676 963 941 1047 accommodanti,
966 963 1054 1048 quod
1072 961 1211 1044 ineptius
1223 966 1274 1020 est

164 1080 258 1145 quam
281 1071 316 1124 ut
338 1062 426 1124 credi
456 1062 588 1145 fassit,
617 1086 716 1148 quum
744 1069 936 1149 praesertim
962 1069 1164 1131 immutatum
1194 1062 1273 1125 reli-

164 1164 270 1249 querit
290 1164 481 1247 τληριολλεὶςτ
509 1176 564 1231 aut
585 1169 772 1234 mutandum
801 1191 876 1235 esse
897 1173 931 1235 in
953 1168 982 1236 ἐν
1012 1171 1082 1255 ἀχει
1109 1165 1273 1251 γενόμενος,

165 1271 284 1353 quippe
306 1269 348 1332 ad
372 1288 489 1353 equum
512 1267 716 1355 ἀκοστήσαντα
744 1275 830 1358 apud
854 1275 1030 1340 Homerum
1059 1271 1273 1337 referendum.

164 1372 272 1456 Atque
299 1373 343 1435 ita
373 1393 440 1436 rem
463 1373 584 1435 habere
607 1373 702 1439 docet
725 1376 899 1441 scholiasta
929 1375 1074 1441 Venetus
1096 1374 1220 1438 iliadis:
1255 1371 1274 1454 ἠ

166 1473 200 1538 δὲ
222 1475 311 1560 διιτλή
334 1473 412 1559 πρὸς
437 1473 471 1539 τὸ
494 1472 673 1561 ἀκοστήσας,
696 1473 740 1542 ὅτι
767 1476 853 1542 ἄλλοι
876 1478 978 1554 ἄλλως
1007 1475 1182 1542 ἀπέδωκαν·
1212 1472 1275 1536 ἔστι

166 1575 201 1641 δὲ
221 1578 287 1664 ἤτοι
308 1576 338 1642 ἐν
361 1578 429 1661 ἄχει
447 1577 600 1664 γενόμενος
622 1578 671 1646 διὰ
692 1581 743 1665 τήν
766 1578 865 1646 στάσιν
887 1580 907 1666 h
931 1582 1005 1655 ἀκος
1025 1604 1051 1644 τι
1069 1578 1119 1644 καὶ
1136 1578 1276 1662 βοήθημα

165 1689 219 1766 τῆς
241 1678 374 1756 στάσεως
398 1668 502 1767 (prul.
545 1684 746 1768 Perspicitur
777 1687 840 1748 iam
862 1687 946 1750 hanc
967 1685 1060 1748 vocis
1089 1681 1275 1766 explicatio·

166 1806 250 1868 nem,
274 1806 371 1869 quam
392 1786 434 1850 ad
455 1788 588 1852 verbum
610 1791 726 1872 repetit
744 1787 862 1854 Suidas
885 1812 916 1855 v.
940 1786 1118 1872 ἀκοστήσας,
1142 1807 1182 1850 ex
1204 1786 1276 1848 Ari·

167 1893 292 1955 stonico
304 1891 426 1954 laudari
434 1913 445 1974 3
470 1901 538 1955 tum
554 1893 684 1976 diplam,
705 1913 798 1977 quam
816 1893 972 1956 adiectam
987 1893 1015 1955 is
1036 1891 1204 1974 repererit,
1222 1888 1277 1951 de·

167 1992 236 2080 heri
247 2002 302 2056 aut
312 1993 512 2076 Aristarcho,
529 1995 774 2079 addendamque
791 2016 866 2059 esse
882 1996 964 2059 hanc
977 1991 1156 2057 Aristarchi
1168 1998 1277 2053 notam

167 2097 323 2179 exemplis
344 2098 383 2160 iis
406 2096 576 2161 aLehrsio
598 2119 628 2181 p.
652 2100 673 2162 8
699 2120 747 2183 sq.
774 2100 938 2181 collectis,
963 2097 1079 2181 quibus
1098 2092 1277 2157 Aristarchi

168 2217 234 2262 non
254 2199 407 2261 nominati
438 2197 541 2281 diplas
564 2198 768 2264 Aristonicus
791 2202 950 2264 adnotarit
984 2198 1045 2282 (ef.
1076 2196 1278 2259 Nitzsehium

168 2298 302 2383 Ephem.
313 2299 370 2366 litt.
381 2299 451 2364 Hal.
466 2302 550 2364 1837
561 2301 622 2365 No.
638 2303 686 2364 13.
699 2324 730 2385 p.
744 2303 833 2384 100),
852 2311 916 2385 aut,
932 2301 1020 2385 quod
1034 2299 1117 2362 malo
1129 2298 1192 2380 ipsi
1204 2295 1278 2357 Ari·

168 2404 306 2485 stonico,
331 2405 449 2488 quippe
471 2407 688 2488 posteriorum
706 2404 896 2468 Aristarcho
919 2404 1116 2483 criticorum,
1140 2417 1277 2482 quorum

171 2505 211 2569 dc
229 2527 291 2570 usu
309 2508 430 2571 dictum
449 2516 476 2582 s.
496 2510 549 2591 41,
572 2519 686 2573 secuto
697 2528 819 2572 morem
831 2528 915 2591 eum,
945 2525 1009 2590 quo
1022 2502 1141 2587 diplam
1164 2501 1204 2565 ad
1227 2519 1279 2564 ca·

170 2610 319 2696 stigando
347 2613 659 2698 glossographorum
689 2621 867 2678 commenta
890 2618 1100 2693 apponerent.

256 2714 389 2781 Praeter
411 2718 518 2782 locum
541 2739 639 2801 supra
663 2717 794 2783 allatum
817 2717 916 2780 exiis
938 2713 1117 2794 codicibus,
1142 2730 1224 2793 quos
1238 2709 1280 2772 ad

171 2817 275 2904 Etym.
298 2820 343 2885 M.
364 2823 558 2906 interpretes
581 2830 806 2904 excusserunt,
831 2818 956 2884 aceedit
979 2819 1074 2881 etiam
1098 2814 1149 2878 hic
1171 2834 1203 2896 p.
1216 2814 1280 2875 887

171 2922 213 2986 ad
236 2934 378 3008 etymum
398 2947 429 2991 ν.
452 2926 553 3011 ήριοες
581 2937 755 3010 spectans:
776 2918 988 3007 Ἀριστόνικος,
1002 2917 1045 2984 ὅτι
1055 2926 1185 3002 γηγενεῖς
1206 2913 1281 3001 ἦσαν

172 3026 200 3092 οἱ
222 3015 344 3111 πρῶτοι,
368 3027 450 3114 παρὰ
469 3031 519 3115 τήν
542 3031 621 3115 ἕραν.
655 3029 791 3112 Sumpta
810 3029 892 3091 haec
915 3046 989 3089 esse
1012 3044 1053 3087 ex
1075 3022 1282 3085 adnotatione

172 3134 214 3198 ad
235 3134 321 3199 lliad.
344 3159 374 3217 α,
396 3138 428 3219 4,
452 3135 583 3201 Scholia
605 3135 789 3216 ostendunt,
814 3133 930 3218 quihus
963 3129 1075 3194 eadem
1097 3129 1181 3191 inter
1203 3126 1283 3189 alias

174 3238 330 3304 derivatio
353 3239 494 3305 affertur.
528 3240 622 3304 Haud
645 3242 764 3324 pariter
785 3239 886 3322 liquet
909 3236 949 3299 de
973 3235 1184 3297 fonteeorum
1200 3251 1283 3315 quae

174 3340 215 3403 dc
238 3352 345 3426 etymo
369 3363 400 3405 v.
422 3340 563 3408 θάλασσα
585 3343 762 3407 afferuntur
782 3341 901 3405 ibidem
925 3360 956 3421 p.
970 3339 1046 3419 889,
1070 3347 1102 3399 et
1123 3337 1186 3398 iam
1209 3341 1283 3397 ante

174 3445 269 3509 allata
291 3457 407 3510 sunta
429 3447 541 3512 Bastio
563 3448 603 3512 ad
627 3447 763 3533 Gregor.
787 3446 860 3511 Cor.
884 3467 915 3528 p.
939 3444 1023 3507 300:
1048 3439 1064 3506 ὁ
1089 3440 1123 3505 δὲ
1140 3432 1283 3521 Ἀριστό-

173 3567 269 3623 νικος·
293 3549 410 3615 δύναται
431 3548 491 3615 ἀπὸ
513 3559 565 3616 τοῦ
589 3549 700 3616 σάλοο·
723 3547 851 3632 καὶγὰρ
876 3548 903 3612 οἱ
932 3548 1055 3630 Δωριεῖς
1078 3541 1215 3608 σάλασσα
1236 3536 1285 3603 λὲέ

173 3674 282 3734 νουσιν.
305 3655 332 3734 ⁵)
376 3653 519 3719 Possunt
542 3675 616 3719 esse
639 3676 680 3718 cx
703 3649 888 3720 ἀσυντάκτων
913 3646 1063 3733 ὀνομάτων
1085 3646 1186 3726 libris,
1206 3664 1285 3739 ¹quo

173 3778 463 3793 Ἤ-

225 3847 255 3912 5)
273 3842 361 3917 Etym.
389 3843 426 3896 Μ.
444 3863 469 3916 p.
488 3849 545 3910 441,
564 3848 612 3900 26:
643 3845 759 3900 Θάλασσα
782 3845 850 3920 παρὰ
872 3846 913 3898 τὀν
937 3842 1018 3906 σάλον,
1041 3838 1148 3893 σάλασσα
1173 3836 1213 3890 καὶ
1237 3835 1287 3889 ἀά-

280 3929 365 3997 λασσα,
389 3931 435 3984 ubi
461 3949 511 4004 pro
535 3934 682 4003 postremis
707 3931 814 3984 duabus
840 3949 884 3986 vv.
917 3926 1093 3983 scribendum
1122 3924 1138 3996 ή
1169 3921 1287 3984 θάνασσα,

283 4032 394 4089 prorsus
419 4028 448 4071 ut
473 4019 546 4089 apud
570 4018 692 4073 Bastium
715 4018 831 4087 legitur:
868 4018 983 4071 Θάλασσα
1004 4014 1073 4089 παρὰ
1095 4010 1122 4065 τὸ
1146 4006 1286 4085 σάλασσαή
1315 4000 1320 4010 ’
1345 4079 1347 4082 ¹

281 4105 398 4159 θάνασσα.
434 4105 477 4160 Ac
497 4104 605 4159 θάνασσα
629 4107 656 4158 in
681 4106 860 4177 Etymologici
887 4104 1030 4157 codicibus
1059 4102 1145 4153 tuisse
1169 4094 1288 4151 ostendit

282 4191 366 4246 Phav.
385 4192 443 4246 Ecl.
463 4210 489 4264 p.
506 4195 565 4248 238,
598 4190 697 4253 Diod,
715 4190 761 4242 uhi
779 4199 839 4261 post
858 4192 910 4245 alia
930 4189 1046 4246 similia:
1065 4184 1080 4256 ή
1099 4181 1166 4255 παρὰ
1193 4178 1289 4232 ὸάσσυν

282 4277 464 4332 elucidandum
482 4277 590 4332 ἀάνασσα
607 4277 645 4331 καὶ
663 4276 781 4332 θάλασσαι.
