2902 4822
694 435 746 510 58

163 624 360 710 ponendum,
382 643 420 690 ea
443 626 536 710 signa
557 646 578 689 a
599 627 705 710 poetis
727 628 808 710 ipsis
838 627 880 693 de
906 628 1066 691 sententia
1096 629 1199 710 ipsius
1218 648 1275 713 ap·

163 733 272 814 posita
303 751 341 796 se
370 741 485 814 putare
518 728 716 814 Hephaestio
738 751 778 796 eo
801 731 920 815 prodit,
952 731 1040 815 quod
1072 751 1139 796 non
1168 733 1276 803 solun

163 836 297 920 lyricos,
330 839 485 918 comicos,
522 837 665 920 tragicos
697 835 887 918 simpliciter
918 836 1070 917 nominat,
1103 836 1166 899 sed
1187 836 1276 920 quod

75 952 86 970 ‘
163 940 237 1022 ipso
270 939 497 1023 δραματοποιῶν
532 941 660 1002 nomine
695 959 754 1004 eos
792 938 932 1022 appellat
972 946 999 1012 s.
1032 940 1064 1001 4.
1116 937 1214 1019 Quod
1247 934 1276 1003 ul

164 1064 278 1107 verum
300 1054 400 1125 esset,
434 1042 487 1105 vel
509 1044 731 1126 antiquissima
763 1045 859 1107 huius
880 1044 981 1107 moris
1008 1043 1157 1126 exempla
1178 1042 1277 1115 habe

164 1165 283 1210 remus.
328 1144 396 1209 Sed
427 1166 495 1209 rem
529 1146 682 1209 intentius
704 1146 938 1227 introspicienti
967 1145 1060 1209 aliter
1080 1130 1200 1209 habere
1221 1160 1276 1226 ap·
1313 1190 1318 1199 .

164 1246 298 1330 parebit
327 1246 454 1311 Etenim
472 1246 576 1329 fallor,
592 1257 646 1310 aut
658 1246 856 1330 Hephaestio
870 1249 1038 1312 falsussuit
1049 1259 1081 1312 et
1093 1268 1133 1311 eo
1146 1246 1277 1333 quidem

166 1350 255 1435 quod
270 1372 354 1436 quae
370 1354 402 1415 in
421 1350 589 1434 exemplis,
615 1352 733 1434 quibus
750 1365 905 1436 uteretur,
927 1355 1020 1438 signa
1034 1352 1210 1435 reperiret,
1233 1348 1276 1413 ab

163 1457 245 1539 ipsis
258 1476 295 1520 ea
306 1459 412 1540 poetis
426 1458 571 1539 proiecta
590 1459 754 1521 crederet:
779 1468 862 1540 quae
875 1476 940 1520 non
953 1467 1094 1541 possunt·
1100 1474 1196 1519 nona
1209 1472 1277 1518 mu·

165 1563 242 1625 sicis
259 1560 312 1625 vel
333 1562 561 1645 grammaticis,
582 1564 637 1645 qui
656 1583 693 1625 ea
709 1582 807 1643 opera
825 1562 1008 1645 redigerent
1028 1570 1061 1623 et
1080 1559 1277 1625 iliustrarent

165 1665 349 1727 inventast
371 1666 498 1745 appicta
521 1665 632 1727 fuisse.
673 1664 754 1745 Quis
777 1664 862 1725 enim
878 1664 965 1726 serio
983 1661 1046 1726 sibi
1064 1660 1276 1744 persuadeat,

165 1768 221 1831 illo
246 1788 310 1853 quo
332 1767 429 1830 tradit
451 1766 648 1848 Hephaestio
677 1767 774 1831 modo
797 1769 936 1831 carmina
965 1765 1093 1850 singula
1123 1765 1225 1850 lyrica
1244 1773 1277 1829 et

166 1870 343 1933 dramatica
370 1871 609 1954 carminumque
632 1885 740 1953 partes
768 1873 809 1935 ab
838 1871 1025 1937 auctoribus
1051 1872 1096 1934 ita
1116 1871 1203 1935 notis
1231 1869 1277 1935 dl·

64 2042 67 2048 ,
166 1975 283 2037 stincta
301 1994 385 2056 esse,
406 1984 442 2037 ut
462 1995 491 2038 v.
514 1995 541 2038 c.
568 1977 602 2037 in
626 1975 867 2056 antistrophicis
887 1974 997 2059 lyricis
1014 1972 1181 2056 strophae,
1198 1973 1277 2036 anti·

167 2080 329 2160 strophae,
349 2078 445 2162 epodi
465 2078 623 2163 singulae,
646 2079 698 2143 vel
716 2081 748 2142 iu
766 2078 899 2143 comicis
917 2077 1064 2161 singulae
1078 2076 1278 2159 parabaseos

166 2191 276 2262 partes
299 2180 574 2265 paragrapborum
597 2183 698 2264 signis
721 2181 891 2243 distinctae
922 2180 1049 2262 luerint,
1078 2180 1111 2242 id
1133 2177 1221 2276 quod
1243 2189 1279 2241 ut

166 2282 226 2345 alia
249 2283 299 2346 his
333 2283 445 2346 similia
476 2283 635 2364 permulta
666 2281 786 2346 iactum
819 2281 1016 2364 Hephaestio
1043 2279 1174 2345 narrati
1195 2279 1278 2362 'Quo

167 2385 326 2448 eiusmodi
347 2388 469 2448 notatio
493 2385 629 2448 consilio
651 2386 736 2448 facta
757 2387 809 2466 sit,
832 2386 888 2447 vix
910 2396 1019 2469 potest
1040 2383 1192 2468 intelligi,
1213 2383 1276 2446 nisi

158 2488 208 2575 ad
230 2490 445 2552 instituendos
469 2500 629 2571 cantores,
655 2487 869 2571 citharoedos,
899 2488 1071 2551 histriones
1095 2507 1167 2551 eam
1189 2485 1275 2548 adhi-

166 2595 263 2657 bitam
288 2612 435 2675 censeaS,
470 2593 525 2676 qui
547 2594 576 2655 si
606 2591 744 2654 docendi
768 2603 869 2674 erant,
905 2591 1130 2655 reconditioris
1158 2589 1276 2661 doctri·

168 2715 227 2758 nae
263 2694 382 2757 auxilio
417 2694 607 2758 sublevandi
640 2708 740 2759 erant.
798 2696 880 2760 Tum
909 2696 987 2759 illud
1020 2690 1151 2759 notandi
1171 2712 1275 2781 genus

167 2820 304 2882 prorsus
328 2820 346 2863 a
376 2799 497 2864 saeculi
519 2820 608 2863 more
638 2801 848 2884 abhorrebat,
886 2803 1001 2887 quoin
1024 2801 1146 2882 scripto
1167 2799 1276 2883 signo·

166 2924 249 2984 rum,
281 2902 398 2986 quibus
433 2902 558 2965 auditor
585 2901 636 2967 vel
671 2903 774 2968 lector
805 2904 949 2969 adiuvari
979 2905 1149 2987 potuisset,
1174 2899 1276 2993 qualis

167 3005 380 3068 interstinctio
403 3015 464 3087 est,
487 3005 595 3069 nullus
618 3017 674 3070 aut
696 3008 832 3092 exiguus
855 3030 935 3072 usus
957 3009 1061 3072 iactus
1085 3016 1143 3070 est.
1178 3004 1277 3087 lgitur

168 3111 331 3172 mittamus
347 3119 496 3172 auctores
508 3111 610 3192 ipsos
628 3129 765 3193 quorum
777 3112 921 3175 moribus
935 3110 989 3173 illa
1000 3109 1157 3174 industria
1168 3106 1278 3190 utiquc

168 3210 298 3293 indigna
322 3221 383 3291 est,
406 3212 500 3273 unice
524 3212 721 3275 couveniens
743 3215 932 3296 negotiosae
956 3212 1138 3296 diligentiae
1154 3227 1277 3289 eorum,

169 3316 224 3398 qni
255 3314 378 3398 aliquot
408 3314 548 3378 saeculis
584 3325 659 3398 post
693 3317 726 3379 in
759 3317 903 3401 reliquiis
934 3328 1082 3381 veterum
1111 3323 1279 3397 poetarum

161 3418 365 3503 digerendis,
389 3418 607 3501 recensendis,
639 3420 838 3485 illustrandis
868 3441 1000 3505 operam
1023 3427 1187 3483 navarent.
1221 3416 1279 3479 At·

170 3545 233 3608 que
262 3526 306 3588 ita
330 3543 420 3608 esse,
457 3522 509 3587 vel
530 3525 649 3588 invitus
678 3526 749 3608 ipse
772 3525 879 3607 prodit
907 3523 1116 3606 Hephaestio,
1150 3517 1205 3582 ubi
1238 3515 1280 3581 ad

171 3628 488 3692 comruonstrandum
517 3629 682 3713 signorum
706 3648 799 3692 usum
827 3628 860 3690 in
882 3626 1058 3711 lyricorum
1085 3619 1280 3687 carminibus

171 3731 318 3814 exempla
340 3716 621 3815 grammaticorum
645 3731 753 3794 laudat
774 3752 806 3813 p.
821 3732 909 3799 ‚134:
943 3725 992 3793 ἐπὶ
1014 3726 1048 3791 δὲ
1069 3733 1121 3791 τοῦ
1136 3721 1280 3789 Ἀλκαίου

170 3830 265 3914 ἰδίως,
294 3833 370 3899 νοατὰ
399 3830 432 3898 δὲ
453 3835 504 3918 τὴν
523 3830 762 3917 Ἀριστοφάνειον
785 3833 915 3913 ἔνδοσιν,
947 3828 1120 3914 ἀστερίσκος
1143 3822 1192 3890 ἐπὶ
1213 3825 1281 3889 ἑτε-

171 3939 327 4024 ρομττρίας
350 3936 461 4004 ἐτίθετο
482 3936 589 4022 μόνης·
611 3935 686 4001 κατὰ
710 3934 743 3998 δὲ
765 3936 816 4019 τὴν
838 3943 886 4001 νῦν
907 3936 958 4020 τὴν
974 3931 1209 4019 Ἀρισταρχεῖον,
1231 3925 1282 3993 καὶ

160 4038 221 4105 ’ἐπὶ
242 4049 411 4125 ποιηματῶν
434 4043 606 4125 μεταβολῆς.
652 4039 742 4120 Quae
772 4050 926 4124 quantum
956 4038 997 4101 ad
1030 4033 1282 4117 Aristophanem

172 4147 424 4230 comprobantur
446 4146 636 4209 auctoritate
658 4141 806 4228 Dionysii
827 4141 899 4207 Hal.
922 4142 962 4206 de
985 4160 1092 4228 comp.
1116 4137 1206 4202 verb.
1229 4134 1281 4198 22.

172 4270 204 4331 p.
218 4248 292 4315 312.
315 4247 392 4313 Scb.
415 4249 509 4312 Κῶλα
531 4244 565 4310 δέ
586 4270 624 4329 με
646 4244 728 4319 δέεαι
751 4243 810 4313 roll
824 4241 927 4327 λέγειν,
950 4242 1007 4326 οὐχ
1029 4239 1077 4318 οἷς
1094 4233 1282 4324 Ἀριστοφά-
