2902 4822
682 392 798 522 roo

164 640 282 706 firmari
305 659 405 724 posse
427 639 470 702 ait
491 637 625 722 figuram
648 635 746 722 vulgo
768 641 813 712 (v.
835 637 936 720 intpp.
958 636 1000 702 ad
1017 635 1092 704 'l'ec
1105 638 1223 705 Aunl.
1236 638 1291 729 1.),

164 756 196 809 et
218 743 351 809 Krehlio
381 740 623 826 comprobatam
645 739 717 823 00,
746 760 810 802 non
832 740 1008 823 reputavit,
1038 762 1109 806 eom
1133 742 1275 827 explico·

163 847 284 911 tionem
306 845 420 929 procul
442 845 540 908 dubio
557 844 620 907 iam
632 853 758 907 mature
778 855 928 927 corrupto
940 842 1096 909 Prisciani
1112 847 1275 930 scriptura

164 951 230 1014 niti.
261 946 412 1013 Ceterum
424 968 535 1012 earum
546 946 790 1031 quisquiliarum
811 948 941 1011 curioso
956 948 1173 1032 suppeditabo
1188 948 1275 1014 simi·

165 1054 228 1119 lem
250 1052 393 1137 glossam
416 1051 457 1114 ad
479 1049 636 1114 Prisciani
657 1050 677 1112 l.
701 1049 720 1114 l.
744 1060 954 1132 spectantem,
980 1050 1176 1136 descriptam
1198 1051 1276 1129 clim

165 1177 183 1222 a
207 1175 258 1219 me
281 1173 322 1217 ex
345 1155 458 1218 codice
479 1153 582 1237 Regio
602 1152 705 1216 Paris.
728 1154 824 1236 7773,
857 1155 936 1217 satis
960 1156 1102 1240 antiquo,
1138 1174 1180 1245 ex
1208 1172 1275 1239 quo

166 1260 245 1324 alias
273 1257 366 1340 plura
393 1257 572 1340 proferam,
603 1256 659 1319 fol.
678 1257 735 1320 96.
759 1254 797 1318 b:
837 1255 1107 1323 „antistatum
1152 1256 1276 1322 Sinam

166 1360 252 1445 apud
275 1359 420 1424 Graecos
445 1370 504 1425 est.
548 1359 638 1423 llaec
660 1372 767 1423 autem
796 1360 992 1424 antissimma
1018 1358 1083 1444 [sic
1104 1358 1196 1446 cod]
1228 1346 1299 1425 io?

166 1467 254 1530 circo
278 1466 469 1546 nominatur,
504 1462 591 1546 quod
614 1466 727 1527 simma
748 1462 864 1525 habeat
891 1463 956 1525 duo
987 1465 1180 1528 contrariae
1225 1462 1276 1528 lix

167 1590 228 1654 qua
252 1568 363 1653 glossa
386 1576 474 1631 certe
496 1565 559 1628 hoc
590 1565 771 1646 lucramur,
806 1565 847 1628 de
881 1567 985 1650 sigma
1018 1564 1143 1630 litterae
1172 1566 1275 1653 ligura

166 1672 355 1757 magistrum
384 1671 557 1754 cogitasse,
593 1667 679 1732 unde
704 1679 837 1751 apparet
867 1680 956 1733 certo
987 1669 1105 1732 certius
1128 1668 1277 1735 codicum

166 1778 323 1843 Prisciani
346 1787 573 1858 corruptorum
596 1771 704 1854 lectio,
740 1791 823 1855 quae
855 1771 989 1835 Krehlio
1011 1772 1178 1855 imposuit,
1211 1790 1277 1858 quo

167 1880 264 1945 modo
288 1877 473 1962 accipienda
496 1877 546 1940 sit.

173 2042 177 2048 .
254 1982 367 2046 Obiter
389 1980 594 2045 advertamus
617 1978 743 2063 signum
767 1985 824 2060 Θ,
858 1977 910 2041 hic
938 1977 1005 2041 illic
1026 1975 1279 2064 Evangeliornnt

167 2085 272 2150 codici
295 2082 501 2168 sangallensi
520 2082 702 2165 appictum,
727 2079 918 2164 Rettigium,
942 2079 1069 2164 Proleg.
1094 2103 1126 2166 p.
1149 2080 1225 2147 XLl
1245 2081 1280 2147 id

166 2190 274 2271 ipsum
307 2187 479 2270 antisigma
510 2181 740 2268 περιεστιγμένον
762 2182 936 2266 appellare,
970 2194 1171 2268 repugnante
1207 2185 1279 2269 ipss

168 2291 251 2376 signi
274 2290 394 2375 ligura,
423 2289 464 2352 de
486 2309 550 2373 qua
572 2307 657 2350 nunc
684 2287 812 2371 quidem
835 2284 956 2349 nullum
985 2286 1124 2368 amplius
1146 2285 1281 2353 dubium

168 2405 235 2457 est:
264 2411 370 2476 neque
392 2393 424 2455 in
447 2392 611 2455 notatione
634 2388 762 2454 Veteris
785 2388 982 2454 Testamenti
1005 2386 1046 2452 ab
1069 2388 1212 2476 Origene
1232 2391 1281 2454 in·

168 2497 289 2578 stituta,
313 2504 347 2558 ut
369 2496 449 2559 inira
464 2492 597 2578 patebit,
620 2493 696 2556 illud
710 2495 837 2577 signum
857 2503 1023 2575 receptum
1042 2491 1111 2556 fuit.
1139 2493 1279 2578 Addam,

168 2594 318 2681 ἀντίσιγμα
351 2591 589 2681 προεστιγμὲνον,
633 2596 722 2679 quod
756 2605 1027 2658 commemoratur
1059 2614 1079 2660 a
1111 2594 1280 2662 Presselic

166 2698 266 2766 Beitr.
293 2722 335 2764 zu
363 2697 572 2765 Schneiders
602 2698 729 2763 Grieclr.
752 2697 920 2763 Wtirterb.
943 2719 975 2781 p.
1000 2698 1057 2782 10,
1091 2718 1159 2785 quo
1189 2700 1280 2765 teeti-

167 2806 275 2868 monio
297 2805 432 2882 nitatur,
456 2823 507 2866 me
529 2802 689 2887 ignorare.
753 2860 756 2864 ,

665 2922 693 3005 ς.
724 2924 777 2987 47.

614 3032 667 3087 De
702 3032 831 3104 sigma.

253 3146 365 3232 Sigma
378 3145 532 3230 simplicis
545 3167 625 3212 usus
646 3146 774 3211 silentio
787 3158 875 3212 esset
888 3148 1155 3232 praetereundus,
1180 3170 1279 3235 quum

168 3251 361 3334 scriptorum
384 3262 530 3313 veterum
560 3251 614 3335 qui
638 3249 678 3314 de
702 3251 787 3313 notis
805 3243 938 3316 ¹criticis
961 3262 1097 3339 egerunt
1127 3270 1169 3315 ne
1194 3270 1279 3317 unus

169 3353 298 3437 quidem
321 3353 390 3416 eius
413 3354 606 3416 mentionem
639 3354 770 3435 fecerit,
805 3355 865 3419 nisi
898 3376 967 3419 eam
998 3354 1143 3419 Venetus
1172 3352 1278 3419 llindis

168 3454 316 3520 librarius
350 3454 471 3540 aliquot
502 3456 584 3520 locis
616 3458 846 3539 apposuisset:
889 3457 949 3522 sed
982 3457 1037 3521 ubi
1067 3458 1150 3521 ratio
1182 3458 1278 3523 huius

169 3572 264 3624 notae
285 3579 303 3623 a
327 3558 421 3622 nobis
444 3558 550 3623 habita
574 3569 625 3622 est
646 3565 673 3631 s.
696 3559 749 3640 39,
772 3559 867 3623 simul
890 3562 1048 3644 apparuit,
1072 3559 1113 3624 ab
1135 3560 1201 3625 lroc
1223 3578 1278 3624 no·

168 3664 297 3727 tationis
320 3682 440 3748 genere
463 3663 575 3726 critico
598 3682 668 3726 eam
690 3681 827 3744 prorsus
850 3662 1082 3726 excludendam
1106 3682 1192 3729 esse.

689 3847 696 3862 .
724 3801 777 3863 48.

256 3909 308 3965 De
329 3907 456 3982 signis
481 3796 696 3982 quibusdedr
727 3908 882 3967 criticis
906 3909 947 3967 ab
972 3908 1195 3966 Aristarchi

537 4010 745 4083 disciplina
766 4012 908 4074 alienis.

257 4124 422 4193 Hactenus
445 4094 566 4192 dictum
595 4126 636 4189 de
663 4127 765 4211 signis
792 4128 832 4192 iis
862 4148 946 4213 quae
974 4128 1058 4192 duce
1087 4126 1279 4207 Aristarcho
1302 4165 1308 4177 ·

170 4250 191 4296 a
217 4232 336 4297 criticis
369 4229 567 4315 Homericis,
606 4229 682 4296 licet
713 4241 874 4315 potestate
892 4231 1103 4316 'quorundam
1135 4230 1280 4297 nonnihil
