2902 4822
684 438 756 516 171
776 502 782 510 .

167 633 311 715 partibus
334 631 482 716 singulis,
503 631 531 692 si
553 648 649 712 quem
672 629 765 691 finem
783 629 975 712 attigissent,
998 628 1163 694 clausulae
1186 629 1272 711 loco,

166 735 218 799 vel
242 738 336 800 etiam
359 736 400 803 ad
421 735 589 797 transitum
612 732 656 796 ab⁴
677 751 741 794 uno
764 732 838 795 colo
866 733 908 795 ad
935 731 1070 796 alterum
1092 733 1273 817 significan·

166 839 241 902 dum
266 840 394 921 apponi.
439 837 541 918 Quam
564 838 776 917 posteriorem
800 856 880 899 usus
902 839 1059 900 rationem
1085 839 1182 901 variis
1206 858 1272 900 mo-

166 941 215 1006 dis
237 943 414 1023 inscriptis
436 940 610 1024 lyricorum
635 951 666 1001 et
689 941 936 1005 dramaticorum
959 952 1128 1023 poetarum
1152 941 1273 1005 adbibi÷
1352 963 1358 971 “

166 1053 232 1106 tum
263 1064 361 1127 supra
391 1045 572 1108 notavimus
606 1045 746 1124 passim:
777 1062 818 1103 ex
848 1063 913 1125 quo
947 1044 1042 1106 simul
1064 1043 1272 1125 perantiquus

166 1148 237 1210 eius
258 1168 338 1211 usus
362 1148 580 1231 cognoscitur,
601 1145 860 1228 quandoquidem
883 1145 954 1209 illas
978 1158 1071 1212 notas
1084 1147 1273 1228 Aristopha-

166 1272 225 1319 nes
248 1251 325 1336 Bya.
349 1252 377 1312 si
400 1269 463 1312 non
487 1251 557 1330 ipse
580 1250 711 1328 invenit,
735 1261 823 1312 certe
854 1251 914 1312 iam
946 1270 1123 1331 usurpasse
1147 1251 1272 1313 dicitur.

164 1354 303 1418 Eodem
324 1356 418 1437 signo
454 1355 486 1415 in
514 1353 655 1417 Homero
689 1373 750 1416 suo
784 1355 972 1417 adornando
1006 1377 1111 1438 nequo
1146 1356 1274 1419 Aristo÷

164 1457 301 1539 phanem
324 1475 429 1537 neque
447 1454 681 1527 ¹Aristarchum
713 1464 791 1520 risos
822 1478 908 1536 csse,
943 1479 1001 1522 cur
1034 1457 1186 1522 credibile
1220 1457 1272 1538 sit,

164 1562 330 1626 ostendam
362 1561 389 1642 ξ.
420 1563 480 1640 87,
515 1562 662 1642 quamvis
695 1563 726 1623 in
761 1564 917 1644 exemplis
947 1562 1077 1626 Homeri
1108 1563 1274 1625 anteriori-

164 1665 225 1729 bus
247 1664 422 1727 adbibitum
447 1665 509 1755 sit.
554 1664 598 1725 At
633 1665 769 1744 posthac
798 1687 861 1729 non
894 1676 1002 1747 potest
1036 1667 1173 1752 dubitari
1197 1666 1273 1749 quin

163 1769 361 1831 recentiores
395 1766 527 1829 Homeri
561 1767 701 1830 editores
733 1790 826 1833 suurn
862 1770 1013 1851 fecerint,
1048 1771 1109 1838 etsi
1152 1767 1271 1832 nullum

163 1870 233 1932 eius
255 1869 427 1951 vestigium
451 1871 482 1931 in
505 1868 612 1931 Iliadis
636 1868 780 1934 Venetae
804 1883 956 1936 contextu
988 1891 1093 1955 neque
1115 1872 1146 1933 in
1169 1869 1272 1933 Sobo-

119 1981 121 1985 “
162 1972 213 2035 liis
232 1971 313 2035 Ven.
337 1972 532 2053 deprehendi
558 1972 713 2037 videatur.
758 1974 840 2037 Nam
864 1976 1054 2039 delitescere
1075 1995 1170 2038 unum
1194 1975 1271 2036 alte-

163 2095 286 2154 rumve,
309 2074 413 2138 adbuc
437 2094 499 2138 non
523 2075 791 2156 animadversum,
816 2078 970 2141 credibile
993 2077 1151 2139 videbitur
1174 2075 1272 2137 colla·

162 2188 234 2242 turo
270 2185 297 2250 S.
332 2180 481 2261 sequenti
517 2178 610 2242 nobis
650 2190 768 2243 notata.
824 2180 973 2244 Omnium
1016 2189 1174 2262 quotquot
1214 2199 1273 2260 per

93 2327 96 2334 -
162 2285 301 2368 genuina
323 2286 394 2348 sive
417 2285 615 2348 Graecorum
650 2268 722 2348 sive
741 2285 958 2347 Romanorum
991 2282 1111 2363 scripta
1142 2281 1272 2343 investi·

163 2406 243 2470 gare
265 2388 355 2468 potui
379 2387 597 2468 exemplorum
618 2387 753 2469 vestigia
772 2387 992 2468 antiquissima
1013 2383 1073 2472 legi
1095 2386 1127 2448 in
1141 2383 1272 2465 Epicuri

163 2491 204 2553 de
227 2501 337 2552 natura
363 2490 476 2552 codice
499 2488 750 2570 Herculanensi,
786 2491 840 2553 ubi
863 2492 1049 2554 coronidem
1083 2490 1167 2553 binis
1188 2486 1271 2550 locis

163 2593 231 2656 Lib.
255 2591 292 2658 ll.
315 2591 383 2655 Col.
402 2591 448 2654 Xl
470 2602 503 2654 et
524 2591 595 2656 Lib.
617 2591 671 2655 Xl.
696 2592 766 2657 Col.
788 2591 861 2655 Xlll
883 2591 1025 2667 (Volum.
1038 2593 1270 2657 Herculaneus

163 2697 200 2763 Τ.
222 2697 264 2776 ll)
288 2699 434 2783 quamvis
459 2707 598 2780 utroque
618 2695 692 2759 loco
715 2699 826 2783 ¹formis
849 2699 985 2764 diversis
1008 2710 1187 2779 exaratam,
1209 2695 1272 2760 sub

162 2801 258 2865 linem
291 2800 496 2883 periodorum
530 2800 562 2861 in
596 2821 652 2863 ora
683 2803 847 2889 reperisse
881 2804 957 2867 mibi
979 2804 1102 2866 videor.
1147 2800 1270 2880 Quibus

163 2904 302 2982 tertium,
338 2921 450 2963 rursus
481 2901 583 2963 forma
619 2902 793 2984 diversum,
830 2905 903 2966 addi
935 2905 1075 2967 fortasse
1104 2909 1212 2985 potest
1239 2899 1272 2960 in

122 3034 138 3041 -’
165 3003 343 3068 Philodemi
367 3005 407 3067 de
430 3006 550 3068 musica
573 3004 807 3070 Herculanensi
831 3027 954 3091 papyro
974 3003 1113 3069 001.le
1136 3002 1270 3084 margini

163 3107 373 3190 adscriptum,
397 3108 438 3171 de
460 3129 525 3192 quo
548 3111 662 3173 iterum
684 3109 866 3190 dicendum,
895 3109 948 3173 ubi
972 3109 1013 3171 de
1035 3106 1119 3189 dipla
1143 3103 1271 3167 obelata

163 3208 191 3292 ξ.
213 3211 255 3273 72
271 3231 379 3275 sermo
401 3213 471 3274 erit.
501 3211 551 3274 Ex
565 3211 628 3274 alio
643 3233 765 3296 genere
780 3215 973 3295 scriptorum
986 3210 1150 3276 coronidis
1164 3229 1272 3272 exem·

162 3313 250 3396 plum
267 3317 446 3399 antiquum,
472 3315 557 3398 quod
578 3316 618 3378 ad
638 3318 772 3378 sormam
794 3315 939 3379 Graecae
963 3333 1032 3380 ft.
1054 3315 1105 3377 vel
1122 3335 1150 3376 ru
1169 3332 1271 3397 prope

99 3445 101 3460 ¹
162 3418 297 3500 accedit,
322 3419 506 3500 suppeditat
526 3419 631 3482 codex
645 3417 822 3482 Bembinus
839 3417 991 3502 Terentii,
1014 3420 1069 3485 ubi
1092 3419 1154 3482 sub
1176 3419 1272 3481 linem

163 3519 305 3583 Andriae
335 3520 436 3583 verbo
465 3519 615 3603 plaudite
644 3521 865 3602 praepositum
898 3520 1030 3604 legitur:
1073 3539 1138 3605 quo
1173 3539 1271 3602 quum

163 3622 328 3688 Bentleius
352 3625 567 3688 arbitrabatur
590 3626 743 3704 cantoris,
779 3626 832 3708 qni
852 3627 998 3708 plaudite
1019 3625 1270 3708 pronuntiasset,

163 3746 279 3790 nomen
303 3729 534 3810 compendiose
557 3729 712 3810 scriptum
736 3727 889 3808 exbiberi,
920 3748 1005 3791 nunc
1028 3728 1066 3789 ad
1090 3726 1272 3810 significan·

163 3829 240 3893 dum
262 3831 389 3894 fabulae
420 3831 514 3894 linem
544 3832 725 3913 appositum
748 3850 909 3894 essenon
932 3831 1102 3894 dubitatur.
1146 3829 1187 3896 Ut
1220 3830 1294 3923 bic⁴

163 3933 195 3996 in
219 3933 319 3997 sorrna
344 3935 459 3998 codem
481 3936 513 3997 in
535 3935 617 3997 libro
641 3935 813 4017 variatum,
849 3936 890 3997 ita
914 3938 999 3998 varia
1026 3937 1154 4000 omnino
1176 3939 1271 4001 buius

163 4035 246 4120 signi
284 4036 386 4118 ligura
414 4036 489 4117 fuit,
530 4036 656 4100 diversa
691 4039 801 4117 specie
836 4040 889 4102 bic
921 4038 985 4102 illic
1018 4039 1058 4102 ab
1092 4041 1270 4104 editoribus

163 4138 324 4202 exhibita:
357 4139 475 4222 quibus
508 4151 614 4203 tamen
646 4139 805 4214 omnibns¹
827 4141 1067 4208 diversitatibus
1101 4125 1271 4208 commune

162 4239 231 4318 hoc'
249 4247 310 4323 eat,
325 4242 420 4326 ¹quod
442 4242 547 4315 lineae
569 4263 633 4308 una
646 4241 696 4308 vel
712 4241 858 4328 pluribus
876 4247 1056 4312 curvaturis
1068 4248 1272 4331 conscriptae
