2902 4822
692 409 746 487 7θ

161 615 278 695 ποι-ἤρα
299 605 435 672 κίσσινον.
479 602 563 665 Hine
589 603 796 686 profecerunt
826 604 956 669 Scholia
979 606 1120 691 vulgata.
1141 643 1187 657 -
1207 607 1274 674 An·

163 714 266 777 drom.
281 711 360 776 594:
382 705 496 773 τὸνσόν
518 709 645 773 λιποῦσα
667 704 777 791 φίλιον]
800 705 834 770 τὸ
856 713 874 795 χ’
896 703 940 770 ότι
961 707 1098 793 ριλιονῆ
1126 710 1221 775 λείπει
1239 709 1274 777 τό

162 819 227 898 Δία,
248 809 282 878 ἵν’
306 807 327 900 ἦ
349 814 443 896 φίλων
465 811 527 875 Δία
562 847 605 858 -
639 809 728 873 ldem
751 830 800 875 νε.
824 811 902 874 911;
931 819 999 885 πῶς
1026 807 1077 877 οὖν
1097 805 1178 896 ott]
1200 810 1276 902 obp

164 920 208 988 ότι
237 915 278 992 εἰς
307 914 463 999 παροιμίαν
495 911 512 977 ό
543 912 644 996 στίχος
674 913 821 998 μετήχθη,
844 911 874 978 εί
903 938 945 989 τις
977 911 1156 996 ἆντιλέξειεν,
1191 936 1276 999 quae

163 1028 262 1094 verba
284 1024 394 1109 potius
415 1020 456 1084 ad
489 1040 537 1082 vs.
565 1039 634 1103 seq.
656 1020 825 1085 reserenda
860 1040 945 1104 esse,
974 1021 1139 1085 admonuit
1170 1019 1277 1085 Cobe-

164 1146 227 1198 tus,
250 1164 293 1176 -—
314 1126 413 1189 Rbes,
436 1125 517 1187 239:
547 1121 671 1205 ’Λχαιὸν
685 1120 785 1208 Ἄρη]
810 1121 853 1188 ὅτι
875 1128 1018 1209 θηλυκῶς
1032 1122 1173 1210 Ὅμηρος
1194 1121 1276 1191 Ξάν-

99 1316 101 1320 Ι
164 1241 217 1301 θον
239 1230 289 1298 καὶ
310 1230 416 1294 Βαλίον
439 1225 490 1292 καί
512 1229 664 1292 Ποσειδῶν
692 1229 801 1312 ἔπορεν
833 1228 955 1305 αὐτούς·
979 1230 1025 1297 διὸ
1053 1229 1088 1294 τὸ
1109 1265 1142 1318 χ.
1185 1228 1277 1297 Haeo

164 1338 327 1423 pertinere
351 1332 389 1396 ad
413 1354 463 1400 vs.
488 1333 550 1394 187
575 1332 740 1395 adnotavit
766 1333 880 1397 editor.
924 1334 1050 1398 Rursus
1080 1334 1179 1418 igitur
1200 1343 1277 1397 nota

165 1453 199 1516 ><
221 1439 383 1520 adscripta
407 1447 541 1522 propter
574 1437 756 1502 dissensum
791 1437 831 1500 ab
853 1437 1008 1520 Homero,
1040 1446 1076 1499 ut
1103 1456 1212 1519 supra.
1233 1470 1277 1485 -

13 1536 17 1547 ¹
79 1629 83 1637 „
166 1550 255 1614 ldem
277 1567 326 1609 vs.
348 1545 429 1608 112:
465 1541 696 1629 ψαραροχροῦν]
720 1541 795 1630 τὸχ
822 1538 865 1605 ότι
887 1540 1041 1626 φαλακρὸν
1069 1537 1157 1606 αὐτόν
1179 1562 1277 1625 φησιν.

166 1653 326 1718 Nimirum
362 1648 449 1734 quod
485 1649 634 1712 dissentit
671 1647 711 1710 ab
746 1645 889 1711 Homero
928 1650 961 1712 in
1002 1646 1122 1732 Ulysse
1155 1647 1278 1713 deseri-

87 1746 98 1759 ’
166 1754 285 1821 bendo.
301 1787 343 1799 -
359 1749 469 1815 Sobol.
492 1749 646 1832 Sopbool.
669 1750 777 1836 Antig.
800 1753 880 1816 727:
904 1748 963 1838 ὁρᾷ
985 1745 1050 1816 τάδ’
1074 1747 1277 1835 desipuisse]

167 1857 201 1923 τὸ
213 1893 241 1946 χ,
264 1851 308 1919 ὅτι
321 1851 479 1936 αὐστηρῶς
492 1852 602 1938 [baur.
615 1850 844 1939 αὐστηρότερον]
864 1852 1057 1940 προσηνέχθη
1068 1859 1112 1940 τῷ
1128 1853 1224 1938 πατρί.
1235 1886 1279 1901 -

172 1956 258 2024 idem
279 1978 326 2021 vs.
339 1957 417 2019 733:
441 1954 522 2039 ε’ίπερ
545 1954 615 2045 γυνη
628 1954 679 2041 σό]
703 1954 789 2022 πόλιν
802 1956 836 2021 δὲ
853 1956 888 2022 τὸ
899 1993 927 2046 χ,
950 1954 1048 2022 διὰτὸ
1068 1952 1279 2041 αὐστηρόν.-

169 2063 257 2127 ldem
278 2082 311 2123 v.
334 2061 434 2124 1160:
463 2057 576 2143 πότερα
597 2057 753 2147 πατρῴας]
777 2061 810 2126 τὸ
834 2066 856 2152 χ’
864 2111 873 2145 ,
897 2059 940 2127 ότι
963 2060 1062 2149 ἐρωτᾷ
1083 2058 1196 2146 πότερα
1216 2082 1280 2127 πα-

170 2162 270 2252 τρῴας
292 2161 311 2248 ἢ
335 2162 413 2247 πρὸς
442 2159 552 2236 οἰκείας
584 2161 687 2247 χερός,
710 2161 842 2238 ἆκοόσας
869 2165 941 2249 ἤδη,
972 2161 1015 2229 ὅτι
1036 2159 1177 2248 αιίτόχειρ
1199 2160 1283 2231 ἀπίῳ.

170 2274 266 2336 θανεν.
288 2303 330 2313 -
353 2266 469 2331 Traoh.
491 2269 573 2333 403:
611 2261 696 2339 οὗτος
719 2261 803 2349 βλέρ’
838 2264 914 2354 ὧδε]
1005 2267 1039 2332 τὸ
1063 2265 1097 2332 δὲ
1117 2271 1150 2357 ᾗ,
1178 2264 1224 2335 ότι
1243 2267 1280 2337 τό

172 2369 234 2440 ὦδε
253 2368 381 2437 τοπικόν.
395 2371 539 2435 -Λίοο,
558 2371 636 2436 951:
660 2369 735 2445 ἰ’σως
756 2394 800 2436 τοι
822 2369 867 2437 κεί
888 2369 1046 2458 βλέποντα]
1070 2369 1189 2439 καὶ-νόν
1211 2368 1285 2455 βλί-

171 2500 262 2543 ποντα
293 2470 374 2539 εἶπεν
405 2471 466 2539 ἀντὶ
487 2483 541 2540 τοῦ
563 2478 674 2549 ζῶντα
699 2473 744 2538 διὸ
766 2473 840 2565 τὸχ
868 2474 1049 2562 πρόσκειται.
1078 2511 1121 2524 -
1148 2476 1286 2545 Philota.

171 2581 254 2644 415:
285 2577 415 2661 Σισύφου
438 2576 596 2662 Λαερτίου]
685 2577 720 2642 τὸ
742 2580 766 2668 p*
790 2578 834 2662 δὲ,
857 2577 901 2645 ὅτι
929 2577 1015 2647 ποίλιν
1044 2580 1188 2666 Λαερτίου
1209 2590 1305 2667 tow

172 2681 268 2764 τικόν,
291 2678 352 2746 ἀντὶ
375 2680 569 2765 πρωτοτόπου
599 2678 743 2766 Λαέρτου.
788 2682 839 2747 Ex
869 2704 934 2769 quo
964 2684 1038 2749 loeo
1068 2685 1166 2749 simul
1198 2694 1286 2769 patet

174 2788 271 2852 etiam
294 2806 392 2868 supra
416 2806 464 2849 vs.
488 2785 561 2867 366,
586 2785 641 2850 ubi
663 2805 748 2850 nuno
770 2786 920 2872 vulgatur
940 2785 957 2852 ό
980 2785 1112 2871 Λαέρτου
1136 2785 1232 2871 γόνος,
1250 2789 1286 2853 in

175 2891 313 2975 antiquis
337 2888 574 2971 exemplaribus
598 2887 717 2952 lectum
740 2910 815 2954 esse
839 2887 855 2956 ὁ
878 2891 1006 2976 Λαρτίου
1029 2888 1125 2974 γόνος,
1148 2891 1287 2975 quodsi

174 2997 329 3060 reiectum
359 2994 418 3056 fuit
451 2992 492 3056 ab
527 2991 724 3076 editoribus,
760 2996 847 3079 quod
882 3015 921 3061 ea
953 2995 1049 3060 lectio
1084 3015 1104 3058 a
1133 2993 1287 3061 Triobnio

174 3099 330 3185 praebita,
359 3097 400 3160 ab
422 3095 486 3159 hoc
507 3097 580 3177 ipso
603 3096 675 3160 fieta
699 3117 773 3162 esse
796 3099 970 3181 videretur,
991 3109 1114 3163 tanturn
1136 3096 1228 3163 abest
1251 3108 1288 3165 ut

176 3224 215 3268 ea
238 3198 461 3286 posthabenda
490 3199 543 3281 sit,
566 3209 601 3263 ut
624 3202 653 3265 si
681 3202 877 3286 antiquitatis
906 3201 987 3265 fides
1017 3201 1194 3284 speetandn
1224 3212 1286 3284 est,

176 3307 270 3370 unice
300 3301 467 3388 probanda
499 3303 657 3374 videatur.
693 3340 734 3352 —
769 3305 848 3370 Oed.
884 3303 953 3368 001.
984 3305 1042 3368 25:
1069 3297 1288 3389 Ἐμπόρων-,ὄθ

177 3407 239 3476 ἀντὶ
259 3416 313 3474 τοῦ
335 3403 521 3492 ὁδοιπόρων·
543 3405 596 3471 Διὸ
618 3405 652 3471 τὸ
675 3443 709 3496 χ.
740 3439 783 3449 -
810 3408 899 3473 ldem
922 3429 970 3472 vs.
993 3408 1052 3472 43:
1074 3404 1129 3492 νιν]
1153 3402 1215 3471 ἀντὶ
1234 3400 1288 3473 rod

175 3510 281 3588 αὒτοίς·
306 3511 351 3577 διὸ
374 3510 408 3576 τὸ
431 3549 456 3601 χ
479 3510 631 3575 —Idem
654 3533 703 3576 vs.
716 3511 795 3576 365:
818 3510 868 3576 τὸν
890 3510 1007 3597 πρόσθε
1027 3506 1201 3594 γεννηθέντα
1222 3510 1288 3575 Πο-

176 3614 309 3701 λυνείκη]
341 3641 374 3682 το
396 3652 413 3705 χ
435 3612 619 3702 παράκειται,
642 3611 685 3680 ὅτι
716 3613 914 3701 πρεσβύτερόν
944 3638 1016 3699 φησι
1043 3612 1093 3678 τὸν
1116 3611 1288 3696 Πολυνείκη

177 3721 280 3803 Quem
312 3721 447 3803 seilicet,
482 3719 626 3783 Elmsleii
660 3729 735 3782 sunt
760 3719 871 3802 verba,
903 3718 953 3785 τὸν
985 3713 1126 3800 νεώτερον
1147 3714 1290 3798 appellnt

175 3824 347 3907 Euripides
369 3822 492 3887 Phoen.
515 3824 568 3906 71,
591 3822 647 3886 ubi
669 3844 698 3887 v.
722 3820 831 3886 Schol.
855 3857 895 3869 —
919 3822 1007 3886 Idem
1030 3841 1079 3885 vs.
1097 3818 1199 3883 1481:
1221 3818 1289 3883 llo·

176 3926 356 4016 centaurio]
391 3929 568 3994 Ποσειδῶνι·
600 3924 646 3992 διὸ
678 3934 770 3992 κεῖται
798 3925 833 3990 τὸ
859 3929 884 4015 ᾗ.
910 3923 1044 3998 Ἄλλως.
1077 3918 1288 4011 Ποσειθαωνίιμ

175 4030 237 4099 ἀντὶ
260 4039 313 4097 τοῦ
334 4034 520 4106 Ποσειδῶνος
543 4027 617 4096 ἐστὶν
637 4026 753 4095 ἐναλίου
775 4034 862 4095 θεοῦ·
885 4028 902 4095 ὁ
926 4029 959 4094 δὲ
979 4025 1092 4111 ἑτέρως
1108 4019 1289 4111 ἐσχημάτισε

173 4132 385 4221 κτητικίιτερόν
408 4159 483 4209 πως.
505 4133 551 4200 διὸ
574 4141 665 4202 κεῖται
686 4131 720 4198 τὸ
742 4133 821 4225 ᾗ.-
843 4132 900 4199 Vs.
925 4133 1023 4203 1731:
1048 4121 1159 4219 σριῑιιν]
1182 4132 1288 4225 κακῶς

176 4239 197 4329 ἡ
220 4237 396 4326 ἀντωνυμία·
419 4237 465 4307 διὸ
487 4236 521 4304 τὸ
544 4254 569 4311 η
