2902 4822
695 433 746 507 33

162 641 205 687 ea
226 641 310 706 quae
331 623 365 685 in
385 620 557 686 Anecdoto
580 623 793 703 continentur,
817 624 893 706 quin
909 626 1082 708 genuinam
1098 627 1278 693 Aristarchi
1340 680 1342 682 .

163 722 355 807 doctrinam,
377 726 524 808 quamvis
546 743 611 787 non
633 725 801 809 integram,
824 736 999 808 praestent.

639 910 651 925 ..
680 888 708 955 ς,
737 881 770 947 8,

465 1004 684 1062 Suetonius
706 1005 973 1076 Tranquillus.

250 1135 437 1200 Transimus
466 1137 508 1201 ad
537 1156 595 1202 eos
623 1138 819 1220 scriptores,
850 1140 904 1222 qui
934 1156 1000 1202 uon
1031 1151 1096 1204 tam
1130 1142 1171 1205 de
1207 1142 1279 1206 Ari·

163 1241 315 1306 starchiis
339 1261 434 1324 quam
457 1240 497 1304 de
519 1242 664 1305 cuiusvis
693 1242 823 1324 generis
846 1243 943 1323 notis,
975 1244 1092 1326 quihus
1120 1265 1279 1330 gramma·

162 1345 221 1408 tici
252 1345 303 1408 usi
326 1344 407 1426 sint,
437 1353 626 1424 tractarunt,
657 1363 795 1425 quorum
824 1364 939 1427 agmen
970 1345 1058 1410 ducit
1091 1346 1278 1429 Suetonius,

165 1466 263 1531 quem
286 1442 355 1528 περὶ
375 1453 434 1509 τῶν
458 1443 487 1510 ἐν
518 1454 580 1519 τοῖς
601 1445 723 1526 βιβλίοις
745 1446 874 1529 σημείων
904 1446 1146 1514 librum-unum
1177 1453 1280 1534 scrip·

164 1551 251 1614 sisse
274 1546 392 1613 Suidas
414 1570 445 1611 v.
471 1545 664 1633 Τράγκυλλος
685 1548 798 1631 tradit,
827 1549 1029 1631 deperditum
1052 1573 1126 1616 cum
1148 1555 1278 1636 ceteris,
1366 1589 1368 1593 ·

165 1670 250 1735 quos
284 1651 440 1715 hactenus
474 1671 514 1716 eo
546 1652 586 1714 de
622 1661 812 1735 argumento
844 1654 1085 1736 recensuimus,
1120 1656 1281 1736 omuibus.

164 1753 328 1836 Quantum
350 1773 430 1818 vero
453 1754 495 1818 ad
517 1752 723 1836 Suetonium,
752 1755 821 1818 eius
851 1757 960 1837 operis
983 1756 1135 1820 damnum
1158 1759 1279 1843 aliqua·
1330 1800 1336 1816 s

165 1867 268 1921 tenus·
292 1857 442 1920 resarciri
471 1866 596 1939 potest,
627 1858 655 1921 si
678 1877 756 1921 vera
779 1868 829 1921 est
858 1859 1043 1923 coniectura
1072 1858 1208 1946 Bergkii
1238 1861 1279 1925 dc

165 1960 307 2042 epitome
340 1960 411 2023 eius
447 1959 488 2022 ad
526 1969 670 2024 nostram
712 1970 849 2024 aetatem
887 1961 1029 2045 perlata,
1074 1962 1116 2025 de
1149 1983 1214 2047 qua
1246 1985 1278 2028 v.

166 2070 195 2136 s.
218 2062 269 2126 11.
295 2062 331 2125 ln
353 2064 484 2152 scriptis
507 2071 614 2125 autem
637 2082 723 2126 nunc
757 2062 927 2126 laudandis
956 2064 1155 2128 felicioribus
1185 2067 1279 2130 nohis
1365 2119 1369 2126 .

165 2185 241 2228 esse
263 2154 413 2250 contigit,
435 2167 469 2228 in
491 2165 625 2249 quibus,
657 2185 756 2248 quum
784 2164 920 2230 adituris
951 2176 1137 2250 suppetant,
1166 2169 1279 2251 paucis

166 2266 333 2352 defunga.

676 2429 705 2496 S·
738 2420 768 2488 9.

580 2540 867 2635 Hephaestio.

171 2733 174 2736 ·
250 2696 394 2760 Primum
416 2699 450 2760 in
471 2698 520 2761 his
542 2706 690 2778 tempore
711 2696 820 2761 locum
847 2698 970 2761 obtinet
992 2697 1200 2782 Hephaestio,
1224 2700 1280 2782 qni

165 2800 334 2866 euchiridii
350 2802 400 2863 sui
419 2801 459 2863 de
482 2801 593 2863 metris
617 2801 721 2881 capite
744 2799 857 2864 ultimo
878 2798 948 2885 περὶ
970 2801 1099 2884 σημείων
1121 2801 1279 2882 inscripto
1343 2806 1345 2809 ’

165 2923 204 2966 ea
227 2905 321 2988 signa
341 2904 501 2984 tractavit,
526 2922 609 2985 quae
632 2914 664 2964 et
686 2901 778 2985 lyrici
801 2913 839 2965 et
856 2902 1021 2967 dramatici
1043 2901 1084 2965 ad
1103 2904 1280 2966 carminum

163 3016 406 3089 metrorumque
424 3004 625 3089 singulorum
642 3002 856 3087 diversitates,
874 3007 1016 3088 ordines,
1039 3005 1280 3070 vicissitudines

165 3109 383 3194 designandas
405 3108 639 3172 adhibuissent.
684 3106 775 3188 Quae
792 3128 906 3190 ¹quum
929 3107 970 3172 ad
992 3109 1148 3172 musicam
1169 3109 1279 3190 potius

164 3222 315 3295 spectare
336 3210 516 3292 videantur,
541 3230 580 3273 ea
600 3219 709 3273 tamen
729 3211 804 3273 ideo
825 3212 880 3276 hic
900 3231 967 3275 non
994 3211 1280 3294 praetermittenda

163 3313 312 3396 fuerunt,
342 3297 430 3398 quod
463 3333 502 3376 ea
524 3312 566 3377 ad
595 3312 735 3377 notanda
757 3313 871 3377 Alcaei
893 3315 1034 3377 carmina
1055 3312 1278 3395 Aristarchus,

163 3425 249 3481 teste
272 3416 511 3499 Hephaestione
532 3436 565 3497 p.
588 3417 653 3480 134
675 3415 793 3499 Gaisfi,
823 3417 1008 3498 usurpavit,
1034 3415 1068 3478 in
1089 3416 1139 3480 his
1162 3416 1279 3498 partim

163 3518 280 3583 iisdem
302 3520 469 3604 signorum
491 3519 605 3607 formis
626 3539 721 3602 usne,
746 3539 827 3602 quas
849 3517 992 3583 Homero
1022 3517 1173 3581 admovit.

667 3679 695 3746 s.
728 3673 778 3735 to.

483 3817 537 3871 De
569 3815 769 3872 Anecdoto
802 3816 964 3873 Veneto.

225 3962 230 3969 ’
250 3945 406 4032 Sequitur
427 3945 632 4010 Anecdotum
654 3946 749 4030 illud,
785 3946 872 4032 quod
894 3966 935 4010 ex
963 3943 1035 4008 cod.
1058 3941 1183 4009 Veneto
1212 3946 1278 4010 483

164 4049 280 4114 eodem
302 4069 387 4113 auno
409 4051 546 4134 primum
580 4060 612 4113 et
634 4060 788 4133 quantum
817 4051 917 4115 sciam
939 4048 1084 4112 ultimum
1112 4048 1278 4131 vulgatum

164 4153 270 4217 estin
293 4152 466 4218 Germania
488 4150 757 4216 aSiebenkeesio
779 4152 862 4215 Bibl.
886 4150 916 4214 d.
940 4150 994 4215 alt.
1017 4151 1092 4215 Litt.
1120 4170 1151 4215 u.
1170 4150 1278 4214 Kunst
1371 4229 1374 4232 ἦ

163 4253 214 4319 111.
248 4276 280 4338 p.
311 4257 364 4338 71,
401 4256 456 4341 qui
479 4255 607 4320 duobus
640 4255 704 4319 iam
734 4254 826 4318 annis
847 4264 922 4318 ante
943 4253 1020 4317 ibid.
1042 4252 1066 4315 1.
1101 4273 1133 4334 p.
1163 4251 1206 4315 63
1236 4250 1276 4313 de

1038 4356 1060 4418 3
