2902 4822
750 402 825 478 136

228 609 305 685 pute
328 599 408 663 loco
425 597 523 682 positi
545 607 646 681 erant,
681 616 755 660 cum
784 593 855 658 aliis
885 591 1010 657 scilicet
1042 611 1108 655 non
1129 603 1219 659 recte
1241 613 1343 680 pone·

229 715 368 767 renturt
404 701 608 765 Anecdotnm
629 700 718 767 Harl.
740 699 824 762 iusto
847 696 979 761 brevius
1003 695 1142 780 ideoque
1165 718 1229 763 non
1252 719 1344 785 vere,

229 807 305 871 licet
334 806 375 870 ad
405 806 573 869 veritatem
606 824 727 887 prope:
758 798 837 886 πρὸς
862 796 901 864 τὰ
926 796 1061 886 Ὁμήρου
1091 799 1151 886 ἔπη
1179 798 1218 867 τὰ
1238 805 1345 879 καλῶς

229 908 363 993 κιίμενας
387 927 469 993 quae
491 909 594 992 magis
617 927 712 971 usum
739 906 957 990 posteriorum
987 904 1171 968 criticorum
1199 907 1342 993 sapiunt,

230 1013 355 1076 nisiex
377 1012 416 1076 iis
440 1031 523 1096 quae
546 1011 699 1073 continuo
722 1019 903 1092 sequuntur
925 1007 965 1072 de
984 1009 1141 1074 asterisco
1156 1030 1228 1074 cum
1244 1009 1343 1077 obelo
1440 1095 1445 1106 ¹

230 1126 374 1200 pateret,
408 1117 469 1178 ista
504 1113 598 1178 simul
630 1113 734 1176 habita
768 1111 881 1175 horum
903 1110 1077 1175 verborum
1108 1115 1232 1178 ratione
1254 1114 1342 1181 dicta

231 1241 316 1286 esse.
368 1218 399 1282 A
429 1220 509 1281 vero
540 1227 647 1279 autem
677 1214 835 1279 lsidorum
864 1214 1055 1299 aberrasse,
1089 1227 1144 1280 aut
1176 1219 1342 1303 posuisse,

231 1344 314 1409 quae
337 1323 377 1386 ad
400 1322 534 1385 aliorum
557 1321 751 1402 scriptorum
775 1338 868 1382 usum
891 1320 1132 1402 pertinuissent,
1155 1323 1283 1387 minime
1299 1321 1344 1389 nd

231 1424 477 1507 Aristarchium,
499 1435 597 1507 patet,
630 1419 837 1504 dicenteml,
860 1422 914 1504 20,
938 1423 975 1486 2:
1014 1423 1219 1490 »Asteriscus
1241 1425 1348 1511 adpo·-

231 1531 317 1593 nitnr
339 1530 371 1591 in
393 1529 445 1592 his
468 1548 552 1613 quae
576 1527 696 1589 omissa
720 1536 806 1607 sunt,
830 1536 865 1588 ut
887 1527 1077 1591 illucescant
1102 1536 1161 1610 pe‘r
1189 1549 1263 1594 eam
1284 1549 1344 1595 no·

229 1644 305 1715 tam,
329 1652 413 1716 qnae
436 1631 552 1696 deesse
575 1628 735 1692 videntur.
769 1627 870 1692 Stella
882 1631 965 1692 enim
978 1626 1072 1715 ἀστὴρ
1085 1630 1201 1696 dicitur
1213 1631 1343 1699 Graeco

230 1755 390 1818 sermone,
421 1755 438 1798 a
463 1754 528 1819 quo
560 1733 729 1798 atterimus
749 1731 941 1797 derivatur.e
989 1732 1152 1817 Similiter,
1175 1735 1272 1803 simul
1291 1756 1345 1803 m·

228 1840 316 1903 tione
339 1840 473 1924 originis
495 1837 612 1918 habita,
638 1835 721 1920 signi
743 1837 826 1919 vim,
858 1837 984 1921 qualem
1019 1839 1218 1921 posteriores
1249 1860 1344 1907 suam
1389 1871 1417 1916 ,·

229 1943 385 2026 iecerunt,
410 1953 442 2007 et
463 1943 496 2005 in
519 1941 648 2024 scriptis
673 1940 776 2003 sacris
798 1939 1024 2024 adhibuerunt,
1058 1943 1236 2026 respiciens
1265 1941 1345 2028 Epi·
1381 1975 1416 1995 --·

229 2047 366 2130 phanias
397 2047 437 2109 dc
467 2045 627 2110 mensuris
658 2065 691 2126 p.
725 2044 797 2106 160.
828 2042 863 2106 Τ.
887 2043 923 2107 ΙΙ.
957 2066 988 2128 p.
1021 2046 1093 2110 160.
1127 2045 1177 2113 etl.
1198 2044 1344 2112 Petavii:

229 2145 383 2212 ἐπίστασαι
413 2152 507 2230 τοῦτο,
539 2144 583 2211 ότι
605 2145 634 2212 ἐν
661 2148 706 2231 τῷ
729 2142 908 2231 στερεώματι
935 2152 986 2213 τοῦ
1008 2145 1135 2233 οόρανοό
1163 2147 1190 2215 οἱ
1218 2146 1345 2236 ἀστέρες

228 2246 294 2330 εἶσί,
317 2249 372 2316 κᾶν
394 2275 426 2316 τε
448 2251 507 2316 ὑπὸ
529 2254 661 2334 νεφελῶν
683 2248 805 2334 ἢήλίοο
827 2253 1017 2334 narcetem,
1038 2251 1134 2341 τούτῳ
1155 2256 1199 2335 ποῖ
1219 2251 1345 2339 νόημαα

228 2350 245 2418 ό
268 2351 337 2428 τοὺς
358 2351 551 2440 ἀστερίσκους
571 2351 715 2439 παραθεὶς
737 2352 885 2437 ἐποίησεν,
906 2351 954 2420 ίνα
970 2379 1016 2420 σοι
1034 2354 1120 2442 δόξῃ,
1142 2354 1186 2424 ότι
1203 2356 1230 2423 οἱ
1247 2355 1344 2445 λόγοι,

229 2453 277 2532 οἷς
298 2454 487 2542 παράκεινται
509 2459 536 2524 οἱ
559 2456 737 2542 ἆστερίσκοι,
770 2457 919 2543 πεσήμασι
946 2457 998 2543 μέν
1029 2457 1059 2525 έν
1079 2469 1142 2534 ταῖς
1168 2456 1343 2545 Ἑβραϊκαῖς

228 2557 350 2642 λέξεσιν,
383 2560 486 2647 ὥσπερ
511 2561 538 2627 οί
559 2558 682 2644 ἀστέρες
711 2556 741 2624 έν
763 2563 807 2640 τῷ
829 2558 1008 2646 στερεώματι
1035 2566 1087 2629 τοῦ
1108 2561 1244 2648 οὐρανοῦ,
1267 2561 1342 2630 ἐκα-

228 2662 385 2748 tepeseat
424 2663 457 2728 δέ
489 2664 545 2728 ὑπὸ
576 2672 635 2727 τῶν
664 2663 922 2747 ἑβδομηκονταδύο
951 2663 1118 2751 ἑρμηνέων,
1155 2665 1199 2742 ὡς
1227 2664 1341 2755 [vulgo

229 2765 452 2852 έρμηνείας]ὀί
473 2764 597 2853 ἀστέρες
620 2767 677 2833 ὑπὸ
700 2777 760 2833 τῶν
781 2772 914 2852 νεφελῶν
942 2769 1145 2836 καλόπτσνται.
1191 2771 1244 2834 Ad
1269 2773 1342 2836 Ari·

229 2871 357 2935 starchi
378 2882 486 2936 autem
520 2893 614 2938 nsum
645 2894 759 2938 rursus
781 2874 968 2956 respexisse
990 2873 1128 2957 videtur,
1158 2875 1234 2940 licet
1255 2875 1342 2940 iusto

227 2972 378 3039 ltreviore
401 2978 448 3039 rei
472 2979 676 3060 expositione
700 2997 790 3060 usus,
814 2974 1001 3042 Eustathius
1024 2977 1065 3040 ad
1088 2978 1207 3064 Odyss.
1225 3001 1247 3062 ι,
1268 2981 1341 3045 tte

228 3099 260 3160 p.
284 3079 385 3143 1627:
409 3081 495 3164 δηλοῖ
515 3077 571 3163 γὰρ
594 3079 628 3145 τὸ
655 3088 775 3164 σημεῖον
798 3075 815 3143 ό
839 3076 1025 3164 ἀστερίσκος,
1049 3079 1093 3156 ὡς
1114 3080 1274 3167 &planae
1300 3084 1342 3164 mi

228 3177 313 3269 τόπῳ
336 3191 428 3247 κεῖται
447 3181 482 3246 τό
505 3183 579 3256 ἔπος
599 3182 650 3249 καὶ
671 3180 734 3251 οἷον
757 3181 907 3268 ἐκλάμπει
943 3183 1027 3247 ldem
1050 3185 1091 3248 ad
1114 3185 1201 3252 lliarl.
1224 3187 1342 3270 etta

229 3304 260 3367 p.
284 3286 364 3349 599:
390 3286 500 3351 τίθεται
521 3283 649 3352 ἐπὶτῶν
672 3289 776 3373 ἄριστα
799 3286 927 3372 ἐχόντων
956 3286 1038 3352 ἐπῶν
1065 3284 1116 3354 καί
1144 3286 1343 3376 ἂστεροειόῶς

230 3385 317 3452 ωονεὶ
349 3386 534 3472 λαμπόντων,
558 3389 653 3465 ὡςέν
686 3394 770 3475 καλῷ
797 3390 883 3480 τόπῳ
916 3389 1066 3476 κειμένων.
1109 3391 1231 3458 Similia
1257 3394 1342 3461 idem

230 3491 272 3555 ad
294 3491 413 3578 Odyss
436 3517 468 3576 π,
491 3496 564 3559 293.
595 3517 626 3579 p.
651 3495 743 3561 1038.
788 3494 945 3585 Exempla
975 3497 1123 3561 asterisci
1151 3498 1342 3565 Aristarchii

229 3594 454 3672 Homericos.
477 3620 547 3684 seq.
568 3598 815 3663 exhibebuntur.

729 3763 758 3829 S.
787 3755 839 3819 38.

296 3880 343 3935 De
366 3879 462 3936 obeli
486 3897 566 3938 cum
589 3882 784 3940 asterisco
806 3877 925 3937 iuncti
954 3898 1026 3938 usn
1049 3883 1278 3944 Aristarchi.

316 4010 467 4078 Proxima
497 4015 654 4080 asterisco
686 4035 768 4101 puro
792 4024 824 4079 et
853 4016 882 4079 si
903 4017 1060 4080 rationem
1093 4027 1224 4102 spectas
1246 4037 1357 4103 quem

231 4116 368 4181 maxime
391 4128 528 4201 cognata
551 4130 602 4183 est
624 4131 700 4184 nota
720 4121 868 4185 asterisci
891 4139 963 4182 cum
987 4120 1082 4186 obelo
1104 4121 1223 4204 iuncti,
1246 4140 1344 4206 quam

231 4221 401 4303 superiore
432 4226 460 4294 s.
494 4221 596 4286 verbo
628 4223 801 4310 tetigimus.
858 4222 1061 4287 Aneodotum
1096 4223 1188 4289 Rom
1221 4243 1251 4290 c.
1286 4223 1342 4292 ll.t
