2902 4822
691 444 740 520 81

162 638 397 723 agers‚,quusi
427 657 510 721 quae
537 637 602 701 illic
629 636 670 701 de
704 638 845 703 editione
878 637 1006 703 Alcaei
1026 636 1275 724 Aristophahica

161 741 344 827 traduntur,
378 760 444 805 nou
465 741 571 828 solum
601 741 642 804 ad
663 740 819 807 Alcaeum
847 743 907 807 sed
939 744 1035 807 etiam
1063 743 1105 808 ad
1135 754 1274 824 ceteros,

163 847 219 930 qui
240 847 282 910 ah
305 845 546 929 Hephaestione
570 844 806 928 significantur,
839 857 954 928 poetas
977 856 1010 910 et
1031 844 1223 930 praesertim
1244 847 1279 909 in
1384 869 1390 874 ’

162 949 215 1014 his
238 950 280 1013 ad
310 950 515 1037 dramaticos‚
550 950 757 1031 pertinerent.
801 949 928 1013 Etenim
961 949 1084 1015 Alcaeo
1114 971 1180 1015 non
1211 970 1278 1014 me·

163 1064 290 1118 morato
313 1053 367 1118 ille
390 1054 432 1117 de
452 1050 525 1115 solo
540 1054 752 1139 §scenicorum
781 1066 951 1136 poetarum
978 1057 1098 1138 scripta
1129 1053 1280 1138 signandi

166 1179 229 1223 usu
252 1179 370 1244 agens:
403 1152 584 1238 Ἡφαιστίων
613 1152 774 1239 δέ’φησιν,
809 1159 926 1241 inquit,
957 1155 1000 1223 ὅτι
1022 1156 1098 1223 κατὰ
1118 1157 1169 1242 τὴν
1188 1151 1278 1240 ’Apt-

164 1258 337 1345 αιοφάναιον
359 1261 475 1325 ἔκδοσιν
499 1256 516 1324 ὁ
539 1255 715 1343 ἀστερίσκος
739 1259 787 1326 ἐπὶ
810 1263 1014 1352 ἑτερορετρίας
1037 1261 1149 1326 ἐτίθετο
1177 1256 1278 1343 μόνης.
1373 1325 1376 1329 ,

163 1365 301 1430 Multum
324 1365 417 1430 abest
439 1375 481 1428 ut
495 1364 572 1428 huic
593 1365 789 1446 testimonio,
813 1364 902 1449 quod
933 1367 1134 1451 negligenter
1160 1364 1214 1427 vel
1236 1364 1278 1427 ah

165 1482 300 1535 auctore
331 1469 563 1552 compositum,
598 1466 651 1529 vel
684 1469 801 1532 vitiose
837 1469 879 1531 ad
914 1488 974 1534 nos
1009 1468 1167 1552 perlatum
1202 1487 1279 1531 esse

165 1585 285 1658 potest,
309 1585 429 1637 tantum
453 1568 601 1652 tribuum,
634 1581 670 1634 ut
702 1572 776 1635 inde
798 1572 1048 1656 Aristophanem
1084 1573 1279 1636 dramaticos

163 1689 280 1763 poetas
314 1679 399 1740 notis
432 1675 620 1744 distinxisse
654 1676 855 1744 concludam.
911 1678 977 1741 Sed
1007 1690 1113 1741 tamen
1143 1696 1212 1739 rem
1234 1676 1279 1739 ita

165 1783 286 1846 hahere
308 1779 435 1844 aliunde
458 1780 491 1841 in
514 1787 681 1860 comperto
704 1780 869 1846 habemus.
914 1783 965 1847 Ac
995 1783 1131 1864 primum
1153 1782 1280 1846 Aristo·

164 1887 305 1970 phanem
327 1885 359 1948 in
382 1881 592 1947 recensendis
614 1882 876 1969 illustrandisque
888 1883 1052 1968 Sophocle
1075 1895 1107 1948 et
1125 1883 1280 1966 Euripide

167 1987 225 2068 (de
247 1987 413 2072 Aeschylo
436 2006 501 2049 non
523 1984 643 2069 liquet)
679 1986 818 2070 aliquam
847 2009 980 2072 operam
1013 2007 1165 2069 navasse,
1188 1987 1282 2051 indu·

166 2091 229 2156 biis
252 2092 444 2155 testimoniis
467 2099 572 2172 patet,
609 2089 756 2155 collectis
779 2112 796 2155 a
820 2091 969 2155 Nauckio
996 2114 1028 2175 p.
1052 2092 1102 2155 62.
1148 2090 1280 2154 Criseos

167 2213 247 2258 vero
270 2196 437 2279 signorum
467 2183 660 2260 adminiculo
690 2197 723 2258 in
745 2194 909 2279 Sophocle
933 2195 1061 2279 quidem
1084 2196 1281 2259 exercitatae

167 2297 290 2361 nullum
323 2298 494 2382 vestigium
524 2306 647 2361 exstat:
679 2297 843 2382 Euripidis
873 2320 972 2362 unum
1004 2319 1055 2381 ap.
1086 2297 1194 2363 Schol.
1219 2297 1282 2362 Co·

168 2402 236 2466 heti
257 2400 387 2485 Hippol.
412 2401 491 2483 172,
521 2402 553 2463 in
576 2402 716 2484 vulgatis
739 2402 848 2483 paullo
871 2401 962 2465 aliter
994 2403 1168 2484 scriptum:
1196 2408 1282 2466 τοῦτο

171 2505 369 2589 σεσημείωται
390 2500 605 2589 Ἀριστοφάνει,
637 2500 681 2568 ὅτι
703 2506 798 2570 καίτοι
827 2511 872 2589 τῷ
902 2501 1102 2588 ἐκκοκλήματι
1129 2501 1283 2589 χρώμενος

170 2607 205 2672 τὸ
238 2606 436 2692 ἐκκομίζοντα
474 2605 648 2693 προσέθηκε
683 2617 835 2693 περιττῶς.
892 2608 946 2671 Ad
981 2608 1171 2692 explicanda
1203 2610 1285 2673 haec

171 2713 256 2778 addo
278 2733 318 2776 ex
341 2712 480 2797 vulgatis
508 2711 666 2776 Scholiis:
702 2707 751 2776 ἐπὶ
784 2710 840 2797 γὰρ
868 2720 920 2798 τῆς
943 2720 1054 2798 σκηνῆς
1084 2713 1226 2777 δείκνυται
1247 2709 1285 2777 τὰ

171 2816 251 2880 ἔνδοι
273 2812 469 2901 πραττόμενα·
493 2813 509 2879 ὁ
534 2813 568 2879 δὲ
591 2812 792 2900 [Euripides]
824 2818 886 2890 ἔξω
911 2824 1073 2900 προϊοῦσαν
1096 2813 1184 2900 αὀτήν
1207 2814 1284 2879 ὑπο-

145 2913 291 2985 ’τίθεται
335 2919 422 2984 Leve
445 2919 573 3003 quidem
596 2919 659 2982 hoc
681 2919 864 3003 vestigium,
888 2941 993 3005 neque
1015 2930 1122 2984 tamen
1141 2929 1285 3002 >propter

172 3026 455 3108 grammaticorum
476 3024 508 3085 in
531 3043 593 3086 usu
615 3022 707 3086 verbi
729 3030 866 3106 apperuit
895 3024 1108 3087 constantiam
1131 3043 1286 3105 spernen-

148 3123 259 3191 dum.
292 3128 343 3192 Ac
365 3128 497 3210 proprio
520 3146 620 3191 sensu
643 3147 714 3190 eam
736 3146 853 3190 vocem
875 3127 1095 3210 accipiendam
1118 3145 1203 3208 esse,
1228 3125 1285 3189 do·

173 3231 258 3294 cehit
298 3232 496 3314 comparatio
532 3249 651 3312 operae
686 3230 727 3293 ab
757 3230 976 3315 Aristophane
1017 3233 1048 3294 in
1084 3231 1286 3316 cognominis

173 3333 298 3400 Comici
331 3333 481 3398 dramatis
505 3333 712 3398 recensendis
742 3337 927 3418 praestitae,
963 3335 1003 3399 de
1026 3356 1090 3419 qua
1118 3332 1286 3397 Nauckius

165 3437 350 3522 >disputavit
376 3459 408 3520 p.
442 3437 484 3500 63
506 3459 555 3522 sq.
612 3436 660 3502 Cl.
692 3436 849 3506 Eritzsch.
881 3439 923 3502 ad
940 3439 1122 3522 Aristoph.
1156 3436 1287 3502 Thesm.

171 3565 204 3628 p.
228 3540 315 3604 XVl.
351 3539 461 3624 Signis
485 3541 569 3604 enim
590 3541 623 3603 in
644 3541 695 3605 his
717 3561 832 3606 revera
854 3561 950 3606 usum
973 3561 1048 3605 esse
1070 3561 1143 3604 eum
1169 3540 1288 3603 docent

172 3645 285 3712 Schol.
308 3643 389 3710 Ran.
413 3644 496 3708 152:
542 3648 545 3654 “

327 3747 362 3831 νὴ
384 3744 454 3820 τοὺς
474 3743 564 3819 θεοὺς
586 3743 678 3829 ἐχρῆν
700 3768 734 3828 γε
756 3745 834 3831 πρὸς
854 3744 980 3810 τούτοισι
1004 3743 1056 3811 καὶ

330 3850 380 3936 τἠν
403 3842 549 3934 ποῤῥίχην
570 3871 613 3923 τις
636 3848 731 3933 ἔμαθε
752 3850 803 3935 τὴν
826 3850 974 3934 Κινησίου.

174 3959 257 4036 Τινὲς
298 3956 332 4022 δὲ
353 3955 404 4024 ..οὒ
428 3951 594 4040 ,γράφουσι
629 3953 678 4019 τὸν
712 3955 767 4039 ,νὴ
786 3952 869 4029 Ιτοίνς
910 3951 1020 4026 tect&
1064 3950 1181 4038 στίχον,
1222 3949 1287 4020 ἀλλ’

174 4064 347 4152 ἀφαιροῦσιν
382 4060 484 4143 αὐτὸν,
525 4058 575 4126 καὶ
614 4058 664 4125 τὸν
704 4061 774 4143 ἑξῆς
816 4056 894 4123 οὕτω
935 4052 1116 4141 γράφουσιν,
1156 4051 1288 4143 ,πυρρί-

174 4194 231 4256 χην
259 4194 303 4246 τις
330 4171 428 4252 ἔμαθε
450 4167 501 4253 τὴν
531 4165 697 4251 Κινησίου.“
731 4162 777 4227 διὸ
800 4158 852 4226 καὶ
871 4156 1096 4245 Ἀριστοφάνης
1109 4163 1289 4245 παρατίθησι

173 4273 208 4341 ’τὸ
223 4299 225 4307 ·
242 4271 393 4360 ἀντίσιγμα
423 4267 475 4338 καὶ
506 4266 541 4336 τὸ
575 4268 670 4356 σίγμα
707 4266 826 4353 'lgitur
857 4266 922 4334 hoc
956 4266 1010 4330 vel
1036 4263 1116 4331 illud
1147 4265 1286 4350 signum,
