2902 4822
728 425 814 529 Ἀθ,

215 618 305 684 Haeo
336 619 463 685 doctam
492 639 620 684 manum
650 618 822 700 redolent,
856 626 979 683 vetere·
998 618 1190 689 adnotatore
1219 617 1331 703 digna:

216 726 269 810 qui
292 725 379 810 quod
402 735 530 809 praeter
552 744 674 790 morem
696 734 865 808 poetarum
887 723 1007 789 diotum
1024 724 1203 807 videretur,
1220 720 1330 811 desig-

214 830 354 895 nandum
372 842 461 895 oerte
479 841 639 914 conseret,
666 831 695 894 si
712 828 913 895 Aristarchio
931 830 1028 894 modo
1048 828 1210 915 agendum
1227 838 1329 913 esset,

215 933 311 1019 diple.
354 932 526 1001 Secundus
547 935 641 1001 loeus
663 944 714 999 est
735 956 784 999 vs.
806 933 892 999 484:
1326 956 1330 963 ·

338 1039 460 1129 fiuupe
478 1060 580 1105 mauu
602 1040 697 1106 uduo
718 1039 855 1128 Ptryqu
869 1038 1062 1126 praedonis,
1085 1045 1118 1104 et
1137 1038 1251 1123 matura,

213 1146 270 1211 ubi
290 1143 426 1213 Servius
461 1148 545 1212 »Aut
567 1157 622 1212 tua
645 1166 752 1226 manu,
784 1148 893 1210 autin
928 1147 998 1241 eius
1027 1165 1125 1209 manu
1154 1144 1220 1213 tota
1248 1164 1331 1215 uou-

213 1249 346 1337 fungos
403 1250 544 1317 Dubium
570 1253 672 1338 igitur
706 1260 801 1334 poeta
836 1250 1009 1335 reliquisse
1041 1247 1227 1335 putabatur,
1257 1268 1328 1335 quo

214 1375 314 1422 sensu
343 1379 443 1423 mauu
471 1359 672 1442 scripsisset:
704 1355 792 1441 quod
823 1355 1027 1439 antiquorum
1057 1354 1100 1418 de
1131 1373 1223 1419 more
1245 1372 1328 1421 rano

213 1471 290 1526 nota
313 1461 443 1547 dignum
465 1463 568 1526 videri
591 1461 712 1526 debuit.
757 1459 867 1524 Tertio
897 1460 1035 1544 denique
1063 1458 1139 1524 loco
1170 1480 1222 1527 vs.
1241 1460 1327 1527 336:

345 1564 425 1631 Tum
448 1567 598 1632 mances
619 1566 703 1631 idem
725 1567 875 1650 inferrem,
898 1585 992 1648 mean
1010 1564 1124 1652 pluria
1147 1562 1257 1635 uteru

343 1668 475 1756 obliqua
496 1670 616 1735 irzvidiu
637 1671 832 1754 stimulisque
854 1668 1006 1757 lapidabat
1025 1670 1173 1749 mutu.
1270 1704 1287 1723 ’-

214 1773 389 1839 obscurum
412 1774 540 1860 quidem
561 1795 625 1860 qua
647 1773 687 1839 de
709 1794 826 1839 oaussa
848 1775 977 1861 signum
999 1772 1160 1839 adiectum
1178 1773 1237 1839 sit:
1259 1774 1327 1839 for·

213 1889 301 1945 tasse
324 1888 430 1945 tamen
452 1888 486 1943 ut
507 1879 778 1964 retrospiceretur
799 1879 840 1943 ad
862 1899 911 1943 vs.
935 1878 1015 1942 122:
1179 1924 1204 1931 --
1276 1926 1279 1933 .

370 1984 451 2051 Tum
472 1986 581 2050 senior
601 2004 787 2069 usurpetque
809 1981 890 2049 odiis
912 1991 946 2049 et
964 1984 1098 2048 mimice
1117 1982 1273 2049 ummo

365 2090 505 2173 infensus
526 2091 630 2154 moeni
652 2087 762 2155 Turno
769 2111 786 2169 5

212 2191 305 2257 ouius
327 2193 476 2278 antiquae
498 2193 713 2258 adnotationis
735 2191 855 2275 aliquid
876 2201 1041 2258 servatum
1063 2210 1139 2257 esse
1159 2200 1271 2276 potest
1285 2192 1327 2259 -in

211 2296 261 2361 his
283 2294 390 2362 Servii
411 2295 453 2362 ad
475 2296 583 2362 looum
604 2299 763 2380 priorem:
807 2294 986 2362 »Videlicet
1014 2296 1090 2380 quia
1115 2315 1216 2380 supra
1236 2296 1326 2381 apud
1375 2304 1380 2311 '

212 2402 357 2467 Aeneam
380 2411 519 2488 egerat«
556 2401 726 2467 Postremo
743 2400 1059 2466 commemorandum
1076 2400 1215 2485 signum,
1236 2398 1326 2469 huno

211 2505 280 2571 fero
301 2507 334 2571 in
356 2506 486 2572 modum
509 2509 630 2590 piotum
648 2505 680 2596 s
699 2510 786 2589 (nam
808 2506 979 2572 ohscurior
1001 2514 1052 2570 est
1072 2506 1142 2592 typi
1162 2505 1265 2571 lotura
1289 2507 1325 2571 in

211 2609 360 2695 exemplo
383 2630 447 2695 quo
470 2612 570 2694 utor),
592 2611 643 2676 his
665 2611 748 2676 locis
770 2620 951 2695 repertum:
985 2612 1069 2676 Aen.
1090 2608 1135 2692 V,
1154 2609 1237 2697 4263
1324 2666 1329 2675 .

243 2716 246 2723 “
341 2714 492 2780 Constitit
510 2716 544 2778 iu
565 2713 683 2802 dipitoa
705 2715 853 2801 exemplo
875 2714 1027 2781 aurorem
1047 2723 1191 2801 mermes,
1217 2730 1232 2767 -·
1308 2758 1323 2777 .,

210 2817 267 2883 ubi
289 2818 453 2884 offendere
484 2821 588 2903 potuit
619 2820 809 2884 insolentior
839 2819 936 2885 dictio
959 2822 992 2884 iu
1014 2819 1132 2908 dipitoe
1159 2818 1323 2889 adrerum.

210 2922 294 2987 Nam
316 2923 471 2989 aliorsum
492 2933 641 3007 spectant
662 2921 769 2989 Servii
790 2922 892 2989 verba
913 2943 998 3008 quae
1018 2924 1059 2989 ad
1088 2925 1231 2991 constitit
1249 2944 1324 3008 per·

211 3029 329 3093 tinent:
369 3027 448 3092 »Hie
470 3026 730 3112 distinguendum
753 3038 887 3112 propter
909 3029 1031 3111 vitium,
1054 3037 1090 3095 ut
1111 3030 1155 3095 sit
1169 3036 1323 3095 umatus

210 3133 244 3195 in
268 3132 428 3220 drjqituu«
463 3130 597 3197 Seilioet
619 3133 721 3197 verbo
742 3131 959 3221 distmpueudi
978 3134 1259 3218 grammatieorum
1280 3132 1322 3197 ad

210 3235 475 3301 consuetudinem
497 3257 588 3320 usus,
612 3258 675 3321 qua
700 3238 740 3302 de
762 3238 1020 3322 interpunctione
1047 3238 1175 3324 dieitur,
1196 3240 1226 3315 ⁶)
1243 3256 1323 3305 uene

210 3341 276 3406 suit
297 3351 374 3424 post
394 3341 535 3407 constitit
554 3341 844 3427 interpungendum
867 3361 952 3424 esse,
976 3363 1017 3407 ne
1038 3343 1227 3426 iungeretur
1247 3360 1323 3407 eum

210 3465 280 3530 seq.
302 3446 336 3508 in
357 3443 485 3532 dipitou
519 3445 607 3531 quod
630 3447 738 3529 potius
760 3445 801 3509 ad
835 3454 984 3511 arrectus
1011 3444 1201 3509 trahendum
1223 3454 1334 3511 osset..

210 3549 332 3616 Similis
354 3548 541 3615 offensionis
565 3550 748 3634 exemplum
770 3561 822 3615 est
844 3549 963 3635 Georg.
985 3548 1011 3631 Ι,
1033 3550 1115 3615 259:

318 3649 490 3741 'Fripidus
512 3655 693 3743 apricum
714 3657 743 3721 oi
764 3654 898 3740 quaudo
920 3651 1192 3735 continuanter,

210 3760 266 3825 ubi
286 3758 422 3824 Servius
448 3758 541 3823 ..Non
563 3759 756 3844 generaliter
777 3759 925 3844 frigidus,
949 3756 1008 3822 sed
1031 3757 1160 3843 quando
1183 3755 1321 3843 frigidus

210 3864 333 3929 fuerit.u
379 3862 525 3929 lnoertae
554 3863 689 3928 rationis
711 3865 826 3929 tertius
847 3863 940 3927 locus
972 3871 1023 3927 est
1044 3862 1128 3927 Aen.
1156 3858 1323 3945 x1‚508:

343 3967 372 4035 0
393 3967 489 4033 decus
509 3965 630 4031 Italiae
650 3968 753 4054 or'rpo,
776 3988 858 4051 quas
879 3965 987 4031 diem
1005 3967 1134 4054 pratu:

211 4093 285 4137 nam
306 4071 382 4138 nolo
404 4070 524 4155 aliquid
547 4070 690 4135 tribuere
711 4067 828 4135 Servio
851 4069 981 4135 docenti
1000 4090 1081 4155 quaa
1100 4087 1160 4153 pro
1178 4076 1321 4153 quarata:

211 4181 498 4192 —————-—--

262 4219 292 4284 t)
311 4212 345 4269 V.
371 4210 475 4283 Bergk.
506 4215 526 4270 l.
552 4214 571 4271 l.
593 4232 620 4286 p.
645 4214 710 4280 122,
741 4214 850 4269 collatis
873 4214 945 4267 loeis
962 4211 1089 4268 Suetonii
1112 4218 1141 4267 et
1166 4210 1321 4277 Frontonis,

313 4316 384 4373 quos
397 4298 470 4355 idem
482 4304 610 4373 apposuit
620 4318 648 4375 p.
659 4304 708 4359 ut
722 4308 750 4359 et
768 4304 827 4361 tw.
849 4302 898 4357 lau
911 4300 947 4359 ad
956 4299 1081 4357 llaorob.
1094 4298 1125 4363 Τ.
1139 4300 1161 4359 Ι.
1173 4318 1203 4379 p.
1217 4298 1321 4363 ΧΙΝΙ.
