2902 4822
694 425 745 502 lt

163 615 235 698 Qua
263 615 297 678 in
324 634 361 679 re
390 615 453 680 hoc
482 613 677 680 monendum
709 626 759 679 est
781 624 813 678 ct
836 613 965 679 Scholia
996 623 1028 679 et
1050 615 1144 700 signa
1166 616 1278 682 critica

163 717 338 801 antiquitus
361 717 523 802 adscripta
545 720 649 783 fuisse
672 717 787 800 codici,
811 719 865 801 qui
879 711 986 782 multis
1004 719 1036 780 in
1049 715 1131 780 locis
1151 737 1169 780 a
1185 727 1278 783 textu

162 817 245 883 Ven.
268 819 486 906 discedebat‚a
510 844 542 906 p.
565 824 587 885 4
608 821 639 884 b.
663 820 736 884 coll.
759 842 791 904 p.
814 821 835 884 6
857 841 886 884 a.
931 819 1013 884 Tum
1033 819 1119 883 idem
1144 842 1176 904 p.
1193 822 1216 885 9
1236 822 1277 886 b:

167 921 345 1005 »Tempore
375 925 455 988 satis
487 927 619 1009 antiquo
649 922 832 987 censendus
864 931 915 986 est
947 922 1063 1006 ahquis
1091 921 1132 986 ad
1154 931 1279 988 textum

163 1024 271 1089 Iliadis
294 1018 488 1109 appinxisse‘
504 1048 543 1091 ea
573 1029 683 1113 signa,
715 1044 852 1111 quorum
873 1026 906 1087 in
928 1025 1127 1088 scholiorum
1158 1025 1279 1091 collec-

164 1129 262 1210 tione,
294 1149 390 1213 quam
419 1141 602 1214 usurparet,
633 1131 829 1193 mentionem
858 1128 1025 1190 inveniret.
1076 1126 1182 1192 Huius
1205 1128 1279 1192 libri

164 1230 287 1295 scholia
322 1218 545 1315 alter‘postea
569 1233 751 1316 descripsit,
784 1233 942 1316 signaque
973 1251 992 1293 a
1015 1232 1122 1313 priore
1143 1230 1200 1294 illo
1222 1250 1279 1314 ap·
1308 1248 1311 1254 ⁴

163 1335 260 1417 picta,
284 1354 368 1418 quae
397 1346 471 1400 ante
494 1336 608 1400 oculos
629 1335 770 1400 habebat
792 1334 946 1416 depinxit,
981 1330 1039 1396 sed
1069 1341 1217 1416 utraque,
1245 1341 1279 1396 et
1323 1413 1326 1419 Ι

164 1437 257 1520 signa
280 1446 312 1499 et
334 1439 458 1503 scholia
480 1439 521 1503 ad
542 1449 665 1503 textum
688 1459 730 1502 ex
751 1438 814 1503 alio
836 1436 919 1499 libro
949 1434 1148 1499 desumtum:
1183 1435 1279 1499 scho-

164 1537 206 1603 lia
229 1549 354 1622 autem,
379 1562 462 1626 quae
484 1543 517 1604 in
538 1541 633 1623 libro,
669 1540 754 1605 unde
777 1547 899 1602 textum
922 1538 1052 1620 petivit,
1082 1537 1277 1620 inveniebat,

165 1661 238 1704 cum
261 1642 393 1706 scholiis
424 1643 557 1706 alterius
579 1643 653 1705 libri
683 1643 865 1722 coniunxit,
901 1641 930 1703 si
959 1641 1072 1704 eadem
1092 1641 1279 1705 'continebat

164 1752 301 1827 utraque
331 1744 491 1829 collectio,
523 1745 573 1808 bis
602 1743 715 1808 eadem
748 1744 877 1826 scripsit
884 1765 895 1825 3
931 1743 1018 1826 quod
1047 1744 1223 1807 innumeris
1244 1745 1279 1806 in

165 1845 247 1909 locis
269 1846 388 1910 factum
411 1857 471 1929 est,
496 1867 688 1932 quamquam
711 1849 743 1909 in
767 1847 861 1909 editis
883 1846 988 1909 rarius
1010 1854 1155 1928 apparet,
1179 1867 1279 1930 quum

166 1946 309 2012 editores
332 1958 386 2012 aut
408 1951 556 2014 iteratum
580 1950 738 2014 scholium
760 1948 862 2012 semel
895 1948 947 2010 edi
973 1957 1178 2030 curaverunt,
1212 1958 1278 2032 aut,

166 2050 255 2134 quod
284 2053 378 2134 peius
414 2061 483 2135 est,
518 2052 582 2117 duc
616 2053 740 2117 scholia
768 2051 897 2115 mutatis
930 2047 1089 2113 mutandis
1120 2049 1152 2112 in
1180 2068 1280 2113 unum

166 2161 405 2218 contraxerunt.
450 2153 544 2219 Hunc
565 2164 670 2219 autem
694 2155 812 2217 librum
833 2153 947 2216 tertius
976 2151 1114 2236 denique
1136 2151 1280 2235 descrip-

166 2254 218 2336 sit,
242 2254 428 2341 scholisque
456 2277 496 2321 ex
519 2260 615 2321 tertio
637 2257 720 2320 libro
743 2255 876 2319 adiecit:
913 2274 977 2338 quo
1000 2254 1118 2319 lactum
1141 2265 1210 2338 est,
1244 2262 1281 2318 ut

166 2375 405 2442 nonnumquam
427 2370 477 2423 ter
499 2361 612 2424 eadem
635 2361 667 2422 in
690 2359 822 2423 schohis
844 2359 1063 2440 reperiantur.
1097 2357 1164 2420 lam
1186 2358 1281 2441 aper'·

167 2452 235 2523 tum
258 2471 318 2543 est,
343 2482 406 2545 qua
430 2463 470 2524 de
493 2483 591 2526 causa
613 2472 678 2525 tam
700 2461 818 2524 multae
840 2462 873 2523 in
898 2461 1031 2524 scholiis
1046 2457 1127 2524 Ven.
1151 2469 1280 2525 exstent

166 2561 342 2626 Aristonici
364 2565 597 2646 annotationes,
622 2584 705 2647 quae
728 2564 770 2626 ad
791 2563 913 2626 nullum
934 2565 967 2625 in
985 2562 1098 2627 codice
1116 2564 1279 2646 appictum

168 2671 286 2746 σημεῖον
308 2665 423 2728 referri
445 2667 587 2750 possint:
628 2666 760 2729 deerant
783 2667 866 2728 enim
888 2667 920 2727 in
942 2667 1042 2748 prima
1064 2664 1116 2728 illa
1140 2664 1279 2729 scholic-

166 2785 237 2828 rum
262 2765 463 2850 collectione,
488 2789 590 2852 equa
614 2769 705 2853 signa
728 2768 769 2832 ad
791 2780 915 2832 textum
944 2778 1020 2832 sunt
1042 2768 1180 2850 appicta.
1216 2765 1278 2830 Ubi

166 2858 275 2931 autem
296 2871 389 2954 signa
412 2891 453 2934 ex
475 2873 697 2956 antiquissimo
730 2873 785 2936 illc
808 2871 921 2937 codice
943 2871 976 2933 in
1005 2869 1151 2934 codicem
1173 2868 1279 2935 Vene-

167 2981 234 3035 tum
257 2983 432 3058 propagata
455 2975 525 3037 sine
548 2974 815 3057 explicationibus
846 2976 878 3038 in
909 2972 1041 3037 scholiis
1063 2973 1278 3055 reperiuntur,

166 3072 262 3137 huius
285 3075 518 3159 discrepantiae
551 3078 633 3140 inter
656 3084 762 3159 σημεῖα
784 3085 815 3139 et
845 3075 968 3140 scholia
999 3074 1125 3158 culpam
1156 3077 1189 3138 in
1212 3076 1279 3159 epi·

166 3183 343 3240 tornatores
367 3191 398 3242 et
420 3180 568 3243 librarios
592 3179 819 3244 conferendam
840 3199 915 3242 esse
932 3197 1132 3242 censemus«
1172 3177 1279 3260 „Quo-

167 3297 239 3341 rum
262 3280 394 3362 incuria,
417 3284 518 3366 inquit
540 3282 702 3367 Pluygers
723 3303 756 3364 p.
779 3283 809 3343 7.
833 3301 852 3343 a
875 3280 963 3360 (nam
986 3290 1016 3343 et
1039 3281 1121 3344 haec
1142 3281 1184 3345 ad
1205 3301 1279 3365 per·

167 3381 368 3444 noscendum
404 3405 540 3448 caussae
572 3395 689 3450 statum
712 3393 915 3466 praesentem
946 3403 1083 3446 necesse
1106 3393 1157 3446 est
1178 3401 1279 3474 appo-

168 3489 297 3558 namus)
320 3494 352 3547 et
372 3487 407 3549 in
428 3488 530 3571 signis
553 3497 586 3551 et
615 3489 647 3549 in
670 3486 801 3550 scholiis
825 3504 864 3549 eo
894 3485 1128 3568 pertinentibus
1150 3483 1280 3548 traden-

168 3585 218 3650 dis
242 3606 336 3650 nemc
369 3590 523 3652 maiorem
552 3590 695 3674 cogitare
728 3597 848 3671 potest.
892 3585 985 3670 Nam,
1006 3589 1108 3651 'cuius
1138 3587 1186 3649 rei
1215 3587 1279 3648 iam

167 3708 265 3770 supra
288 3691 436 3773 exempla
458 3691 560 3773 attuli,
593 3702 722 3774 praeter
751 3694 844 3776 signa
867 3690 979 3754 eadem
1008 3711 1105 3753 manu
1126 3688 1279 3753 versibus

167 3793 306 3873 appicta,
337 3815 400 3877 qua
433 3805 465 3856 et
494 3803 603 3856 textus
633 3805 665 3857 et
696 3794 895 3857 scholiorum
925 3794 1027 3855 maior
1058 3813 1135 3876 pars
1157 3791 1280 3874 scripta

167 3903 252 3975 sunt,
277 3894 338 3957 alia
361 3895 445 3959 haud
467 3895 584 3979 exiguo
600 3914 733 3959 numero
752 3896 784 3956 in
799 3894 913 3958 codice
928 3892 1009 3957 Ven.
1030 3902 1217 3977 comparent
1232 3891 1280 3955 di·

166 3996 272 4059 versis
285 3999 535 4081 recentibusque
556 4017 657 4083 saepe
674 4006 805 4060 exarata
818 3999 976 4079 manibus,
1001 3998 1043 4060 ab
1060 3995 1279 4082 Aristarcheis

167 4099 269 4183 signis
291 4102 395 4183 probe
418 4101 652 4185 distinguenda.
697 4098 787 4163 Haec
810 4101 915 4162 omnia
949 4119 1022 4162 cum
1053 4099 1192 4183 antiquis
1215 4097 1278 4161 illis

48 4220 54 4236 ·
167 4202 268 4286 signis
302 4203 333 4265 in
367 4200 492 4266 Villois.
524 4202 663 4267 editione
691 4205 843 4285 permista
874 4212 960 4284 sunt,
991 4203 1144 4285 auxitque
1167 4199 1278 4264 conlu-
