2902 4822
741 422 821 501 272

729 624 758 690 t.
785 618 838 682 st.
882 618 886 625 ·

292 761 343 816 De
363 760 557 817 Musarum
581 759 863 819 Homericarnm
888 759 1033 818 ratione
1057 764 1092 819 et
1109 776 1281 837 numeru.

258 973 261 979 ·
313 928 425 994 Redeo
455 928 497 993 ad
526 931 691 1014 prooemia
723 929 911 995 Heliconiae
941 928 1032 993 Iliadi
1060 931 1269 1014 praeposita,
1305 929 1349 995 de

228 1031 346 1117 quibus
367 1042 559 1117 anteaquam
581 1033 720 1098 seorsim
742 1030 875 1117 loquar,
898 1032 1110 1116 praefandum
1144 1031 1276 1097 videtur
1305 1028 1349 1094 de

227 1136 424 1220 proprietate
447 1135 584 1221 quadam
606 1137 736 1221 utrique
758 1138 931 1220 communi,
955 1156 1040 1222 quae
1061 1146 1203 1201 mentem
1217 1135 1260 1201 ad
1274 1132 1350 1201 Mu·

227 1258 335 1303 serum
348 1239 585 1303 invocationem
597 1250 738 1303 revocat.
763 1238 868 1321 Quum
883 1239 967 1303 enim
978 1239 1011 1301 in
1024 1246 1164 1323 utroque
1175 1239 1348 1322 prooemio

225 1341 342 1407 Musae
365 1341 481 1425 plurali
504 1362 639 1408 numero
661 1345 868 1427 invocentur,
891 1343 955 1409 hcc
977 1343 1107 1428 quidem
1128 1362 1195 1407 non
1215 1354 1349 1427 practer

226 1466 320 1511 usum
343 1445 476 1511 Homeri
504 1430 623 1513 factum
645 1448 747 1513 videri
767 1460 893 1534 potest,
917 1450 976 1514 sed
1007 1449 1169 1515 discordat
1188 1449 1231 1515 ab
1254 1449 1348 1514 invo-

226 1551 352 1615 catione
379 1549 493 1615 Mnsae
525 1552 621 1616 unius
649 1553 682 1615 in
712 1553 847 1617 exordio
872 1552 976 1618 lliadis
1007 1553 1144 1638 vulgari.
1183 1554 1236 1619 Ac
1265 1574 1348 1620 sanc

225 1663 397 1738 utrumque
419 1675 523 1741 genus
546 1654 700 1738 loquendi
717 1667 847 1722 veteres
866 1657 970 1722 critici
987 1678 1086 1743 quum
1102 1658 1348 1723 animadvertis·
1384 1738 1389 1747 Ι

225 1769 298 1821 sent
320 1759 506 1841 promiscue
528 1759 561 1821 in
582 1756 725 1823 Homero
750 1772 931 1843 repertum,
962 1761 1026 1826 lroc
1052 1772 1160 1828 tamen
1187 1782 1348 1847 quaeren-

226 1861 301 1925 dum
315 1880 391 1926 esse
413 1862 654 1943 existimarunt,
688 1861 796 1943 lliadis
819 1865 966 1948 exordio,
1000 1863 1163 1931 Homerus
1193 1848 1293 1951 uuum
1315 1866 1347 1947 β,

224 1964 290 2031 484
324 1963 400 2049 [ubi
423 1987 454 2031 v.
477 1963 605 2046 Schcl.)
635 1965 751 2050 plurali
773 1987 853 2033 usus
877 1978 985 2053 esset,
1018 1988 1077 2034 cur
1098 1968 1227 2035 Musam
1248 1988 1346 2035 unam

225 2069 444 2153 appellasset:
476 2070 510 2133 in
544 2089 609 2154 quo
642 2070 801 2154 scrupulo
832 2071 1035 2155 expediendo
1063 2073 1092 2137 si
1120 2093 1139 2137 a
1171 2084 1263 2139 recta
1290 2073 1347 2137 via

225 2174 427 2256 aberrarunt,
450 2183 485 2237 ut
508 2172 563 2259 qui
586 2172 727 2239 devera
750 2176 928 2239 carminum
949 2175 1198 2241 Homericorum
1217 2176 1347 2263 urigine

224 2298 338 2362 parurn
358 2277 500 2361 solliciti,
532 2296 616 2361 quae
640 2276 738 2343 Iliade
767 2281 951 2363 conscripta
974 2290 1097 2364 essent,
1126 2281 1192 2345 nno
1214 2278 1348 2345 eoden-

225 2402 290 2468 que
313 2393 461 2468 tempore
494 2380 535 2445 ab
558 2401 623 2447 uno
646 2393 743 2466 poeta
776 2384 924 2467 proiecta
946 2403 1021 2449 esse
1047 2386 1266 2468 opinarentur,
1297 2382 1347 2447 vi·

202 2487 368 2579 'dendunr
390 2505 432 2551 an
452 2484 549 2549 nobis
570 2485 769 2553 felicioribus
801 2508 877 2554 esse
899 2490 1080 2575 contigerit
1123 2488 1244 2553 Posset
1263 2505 1346 2552 sane

225 2591 406 2657 differentia
428 2591 564 2674 numeri,
587 2589 629 2657 dc
651 2611 714 2677 qua
737 2594 853 2678 agitur,
877 2593 906 2659 si
933 2594 1086 2659 universe
1106 2591 1344 2674 consideratur,

222 2697 266 2763 ad
288 2697 482 2763 sententiam
505 2715 619 2761 eorum
639 2707 787 2764 veterum
806 2700 1088 2786 grammaticorum
1102 2700 1265 2785 componi,
1286 2699 1344 2785 qni

222 2823 282 2888 per
303 2801 532 2889 synecdochen
561 2821 657 2866 unam
680 2801 809 2868 Musam
838 2822 899 2887 pru
929 2805 1049 2869 ceteris
1078 2804 1204 2869 cunctis
1223 2802 1344 2869 dictam

222 2916 404 2987 censerent,
428 2907 647 2991 συλληπτικῶς,
668 2915 705 2971 nt
723 2907 770 2972 ait
791 2905 929 2972 Tnetzes
953 2907 995 2971 ad
1017 2904 1232 2993 Hes'llreog.
1254 2904 1344 2991 pau

221 3008 272 3074 ed.
295 3007 398 3077 Gaisf.
419 3009 525 3093 Lips,
557 3009 620 3074 nisi
643 3009 799 3092 obstaret,
823 3008 1031 3075 omittendam
1053 3019 1121 3075 tum
1143 3007 1247 3075 inisse
1266 3026 1343 3092 per·

221 3133 322 3178 sonae
355 3113 536 3195 notionem,
570 3132 667 3197 quam
690 3111 845 3176 deserere
867 3110 956 3176 nullo
979 3121 1076 3196 pacto
1104 3112 1210 3195 potuit
1230 3120 1341 3194 poeta,

221 3238 329 3306 neque
350 3240 465 3285 revera
487 3202 642 3303 desernit,
666 3217 927 3305 qnandoquidem
948 3216 982 3279 in
1005 3214 1176 3300 Odysseae
1203 3210 1340 3279 exordio

220 3333 395 3408 postquem
423 3321 553 3387 Musam
574 3321 763 3406 simpliciter
784 3319 900 3383 eodem
930 3318 1028 3383 modo
1058 3327 1157 3401 atque
1186 3317 1220 3381 in
1240 3314 1341 3381 lliade

221 3428 409 3512 nominavit,
432 3445 508 3493 mcx
530 3446 579 3491 vs.
604 3427 646 3491 10
668 3446 740 3491 eam
763 3427 837 3510 θεῆς
859 3423 989 3488 nomine
1011 3420 1206 3488 filiamlovis
1227 3418 1342 3505 appel·

220 3532 283 3601 lat:
307 3552 371 3618 qua
393 3529 611 3618 appellatione
633 3538 760 3595 ceteras
782 3548 846 3592 una
867 3525 1049 3612 intelligere
1076 3527 1220 3609 ineptum
1242 3523 1340 3591 toret.

221 3636 349 3703 Revera
370 3644 480 3701 autem
501 3631 556 3699 illa
585 3631 793 3719 synecdoche
816 3621 924 3696 locum
946 3630 1043 3695 habet
1067 3628 1189 3714 Odyss.
1218 3648 1258 3709 tu,
1284 3627 1340 3714 62,

220 3740 277 3807 nbi
297 3751 472 3825 postquam
494 3757 612 3803 novem
634 3736 748 3803 Musae
771 3745 865 3801 antea
888 3735 1070 3798 nominatae
1085 3742 1172 3816 sunt,
1194 3731 1254 3797 liae
1272 3750 1340 3797 una

220 3840 343 3919 Melea<
368 3841 481 3926 λιγείας
510 3841 640 3906 nomine
673 3837 1007 3923 comprehenduntur:
1044 3836 1099 3923 qui
1119 3835 1215 3903 locus
1237 3852 1338 3921 quum

221 3946 284 4011 iarn
306 3946 349 4013 ob
371 3946 455 4013 hanc
477 3944 581 4011 solam
610 3943 765 4031 loquendi
792 3941 964 4009 formam
954 3961 988 4005 1n
1016 3938 1238 4025 suspicionem
1257 3934 1339 4001 inci·

220 4047 315 4134 derit,
337 4059 407 4115 tum
429 4049 525 4115 etiam
557 4047 628 4113 aliis
650 4044 833 4111 nominihus
855 4054 1029 4130 suspectus
1057 4038 1222 4109 veteribus
1244 4037 1337 4103 visus

219 4164 282 4240 est,
304 4154 496 4240 meritoque,
519 4163 556 4219 ut
577 4171 654 4218 mox
675 4149 940 4234 ostendemus,”
918 4170 960 4215 ns
981 4148 1091 4235 operis
1111 4142 1259 4231 patruus
1279 4140 1337 4213 ud·

219 4268 418 4342 numeratur,
440 4276 526 4344 quae
545 4258 737 4325 recentioris
766 4255 901 4345 originis
921 4272 1000 4321 esse
1021 4260 1210 4339 arguantur,-
1251 4246 1336 4317 lun
