2902 4822
767 438 844 531 18³0

177 626 180 631 ’
248 636 368 704 Proclo
388 632 494 699 Praei.
517 651 550 717 p.
572 630 593 695 3
616 629 885 715 Gaisitraditur,
908 639 1031 696 temere
1053 631 1174 707 lactum
1195 630 1359 717 aarum

249 743 402 811 scribitur
419 734 620 824 Ἀρίσταρχος
643 731 787 819 ὀβελξζων
815 735 884 810 τοὺς
898 736 1043 819 «στίχους.
1088 734 1168 801 Tum
1191 734 1361 801 obelorum

250 843 522 911 Aristarchiorum
546 839 598 903 vel
618 835 791 923 ἇθετήοεονς
809 839 842 902 in
860 836 1002 915 Scholiis
1024 840 1143 905 mentio
1164 839 1200 903 tit
1222 838 1361 925 Opcflllll

249 957 282 1026 et
303 947 378 1010 738.
401 944 523 1030 Theog.
548 943 621 1024 114,
646 942 698 1005 ubi
722 963 752 1005 v.
777 940 895 1005 Goettl.
929 939 988 1005 Est.
1010 942 1105 1009 etiam
1126 940 1185 1017 Th.
1208 942 1283 1026 138,
1307 940 1361 1007 ulii

168 1062 172 1069 ·
248 1068 383 1131 prorsus
411 1047 452 1111 ad
483 1045 748 1110 consuetudinem
782 1043 1013 1108 Aristarchiam
1043 1043 1163 1128 aliquid
1179 1040 1232 1122 Ιοὔ
1258 1046 1368 1119 καλῶς·

249 1150 566 1235 positum-arguitur.
610 1146 783 1211 Praeterea
806 1147 915 1210 insunt
944 1147 977 1210 in
999 1146 1139 1211 Scholiis
1170 1147 1252 1221 alise
1274 1166 1362 1213 oon·

250 1255 479 1319 montariorum
512 1251 686 1336 reliquiae,
721 1271 740 1314 a
772 1249 967 1336 Goettlingio
983 1298 986 1304 .
1000 1273 1032 1335 p.
1055 1250 1178 1315 xxxii
1200 1263 1361 1331 enotatas

249 1359 300 1423 Ac
322 1358 418 1423 iidem
441 1359 488 1422 rei
509 1357 596 1439 facit,
618 1354 705 1440 quod
728 1355 872 1439 apprime
890 1354 954 1419 huc
968 1357 1116 1439 pertinet,
1140 1357 1363 1432 Aristonicum

250 1463 398 1545 eundem,
412 1494 418 1509 ›
433 1482 529 1548 quem
552 1459 754 1524 Homericam
778 1459 973 1523 Aristarchi.
989 1461 1165 1525 doctrinam
1198 1480 1363 1529 common·

249 1568 340 1632 tariis
363 1566 544 1631 illustrasse
567 1564 841 1647 scimus,·cuique
865 1583 947 1647 quae
977 1584 1023 1628 ea
1039 1565 1079 1628 de
1101 1585 1137 1629 re
1159 1565 1201 1629 ad
1223 1578 1361 1633 aetatem

250 1686 392 1737 nostram
424 1670 546 1755 perlata
570 1681 644 1733 sunt
679 1670 891 1733 cummaxime
914 1669 1024 1733 deberi
1056 1681 1192 1755 constat,
1228 1674 1362 1745 eandem

250 1792 384 1860 operam
405 1775 605 1840 Aristarchic
628 1773 773 1839 Hesiodo
795 1772 1019 1856 insumpsisse,
1051 1774 1145 1859 quod*
1160 1787 1252 1841 certo
1273 1776 1362 1843 colli²

251 1879 337 1963 gitur
359 1897 399 1941 ex
423 1879 492 1942 eius
513 1876 599 1960 libri,
622 1897 718 1962 quem
740 1873 867 1939 Suidas·
880 1876 993 1959 refert,
1013 1879 1177 1960 memoria,
1206 1878 1288 1964 ampl·
1303 1888 1363 1949 τῶν·

252 1980 380 2064 σημείων
402 1988 461 2045 τῶν
484 1977 514 2045 ἐν
535 1987 573 2066 τῇ
588 1979 732 2064 Θεογονίᾳ
746 1974 897 2044 Ἡσιόδου.
927 1976 1029 2062 „Eius
1043 1978 1083 2045 de
1097 1981 1362 2068 operis-reliquiis

152 2151 154 2155 ,
250 2081 454 2150 Muctzellius
487 2107 519 2170 p.
538 2087 623 2150 289:
659 2084 733 2168 „Ex
756 2103 820 2169 quo
843 2101 963 2168 genere
985 2102 1048 2146 una
1068 2084 1149 2168 cius·
1163 2087 1287 2151 notatio
1309 2107 1362 2153 su·

251 2199 372 2271 perest,
395 2187 502 2254 Schol.
527 2189 676 2254 Cantabr.
708 2188 750 2252 ad
771 2209 803 2251 v
828 2188 890 2250 178
913 2197 1113 2253 conservata.
1142 2187 1221 2253 Vix
1250 2190 1362 2261 dubito

252 2303 369 2377 tamen,
394 2295 470 2378 quin
493 2293 634 2378 plures
625 2315 657 2357 m
671 2292 820 2359 Scholiis
835 2292 955 2356 nostris
978 2291 1083 2359 adhue
1104 2293 1231 2359 lateant
1245 2314 1366 2371 cornu

253 2394 326 2461 dem
359 2398 690 2462 commentariorum
706 2396 869 2481 reliquiae,
908 2415 1022 2480 magna
1066 2417 1108 2460 ex
1147 2408 1242 2483 parte
1274 2400 1363 2467 nullo

252 2497 383 2582 negotio
414 2498 623 2584 detegendae.
667 2498 711 2562 lta
736 2498 921 2562 Aristonico
951 2498 1119 2563 tribuenda
1151 2500 1263 2583 duco,
1281 2522 1364 2587 quac

252 2600 435 2667 Scholiasta
457 2601 608 2669 Cantabr.
632 2600 671 2664 de
702 2602 803 2686 signis
827 2603 945 2667 criticis
977 2606 1099 2668 notavit
1128 2605 1178 2669 ad·
1192 2626 1224 2669 v.
1246 2607 1366 2673 ocu-ot

253 2706 346 2772 aaa«
374 2704 506 2774 ,Priore
527 2704 601 2767 loco
624 2703 792 2788 leguntur:
827 2707 951 2790 Πρῶτος
974 2703 1058 2783 οὗτος
1079 2707 1128 2774 τὸν
1143 2707 1366 2794 “Hectorei-lit

253 2804 346 2892 μόνης
359 2805 463 2893 Ἥρας
488 2803 568 2872 εἷπε·
602 2806 648 2872 διὸ
664 2850 667 2855 -
683 2805 733 2872 καὶ
761 2815 846 2874 τοῦτο
879 2810 1042 2895 σημεῖωοαι
1071 2810 1145 2896 [vel
1161 2815 1271 2897 potius
1293 2836 1365 2883 cum

253 2910 439 2975 Muetzcllio
462 2932 493 2994 p.
517 2913 580 2975 337
605 2910 650 2976 διὸ
673 2909 779 2977 καὶτὸ
803 2912 953 2998 capacior}
976 2911 993 2978 ὁ
1017 2914 1052 2980 δὲ
1067 2914 1218 3003 Ὅμηρος,
1241 2917 1277 2984 ἐκ
1298 2918 1366 3001 Διὸς

254 3009 304 3076 καὶ
321 3009 428 3096 Ἥρας.
474 3012 603 3077 Altero:
641 3012 835 3098 Σημειωτέον,
870 3013 913 3082 ὅτι
943 3017 997 3084 δύο
1028 3022 1184 3103 συλλαβῶν
1214 3019 1366 3091 ἀποκοπαί

256 3113 334 3185 εἰσιν.
360 3112 553 3182 fateamini
576 3115 684 3204 ἐφεξῆς
712 3121 807 3205 στίχοι
838 3119 934 3187 ἐννέα·
966 3124 1113 3217 τοὺςφγὰρ
1136 3123 1168 3200 ἐξ
1190 3123 1366 3215 ᾇγιφοτόρονν

255 3222 335 3284 θεῶν
357 3222 536 3302 γενεαλογεῖν
559 3218 642 3308 αὐτῷ
664 3220 822 3306 πρόκειται,
837 3293 840 3299 ,
857 3224 946 3290 Haeo
969 3231 1074 3293 omnia
1095 3231 1133 3294 ad
1147 3229 1367 3319 Theogoniam

257 3322 351 3385 unice
385 3334 543 3406 spectant.
596 3324 637 3389 Ut
671 3339 776 3390 autem
800 3331 967 3410 postremi.
986 3329 1015 3393 hi
1037 3331 1240 3419 loci,-quos
1262 3332 1367 3399 attulit

258 3424 482 3511 Muetzellius,
515 3429 662 3493 dubitare
695 3430 769 3494 licet
803 3452 844 3495 an
865 3445 967 3499 recte.
987 3437 1027 3499 ad
1061 3439 1159 3501 crisio
1191 3436 1367 3515 Aristonici

258 3531 464 3617 reserantur,
482 3535 524 3597 ita
549 3533 625 3598 nolo
648 3534 736 3598 abuti
759 3535 871 3600 similis
905 3541 1034 3624 generis
1065 3541 1135 3606 aliis
1164 3543 1198 3605 in
1227 3538 1367 3627 scholiis

259 3635 400 3720 Operum
435 3639 693 3703 commemoratis
729 3652 761 3704 et.
794 3662 811 3705 a
846 3643 1030 3709 llloetzellio
1064 3645 1211 3711 indicatis
1249 3653 1305 3725 (v.
1338 3664 1367 3711 c.

258 3761 308 3805 vs.
332 3742 436 3824 274),
471 3745 591 3828 quippe
625 3745 680 3828 qui
715 3747 828 3811 eodem
862 3750 931 3814 iure
958 3750 1084 3833 possint
1119 3753 1265 3835 excerpti
1293 3772 1367 3818 esse

258 3862 299 3905 ex
322 3846 561 3910 commentariis
595 3844 723 3932 Didymi
759 3852 790 3912 in
826 3851 1108 3937 Opera,·quibus
1141 3854 1238 3919 ctiam
1269 3854 1366 3920 verba

258 3955 374 4026 poetae
397 3946 507 4011 critice
537 3957 669 4012 tractata
692 3971 767 4015 esse
790 3963 925 4018 testatur
948 3953 1055 4019 Schol.
1079 3957 1158 4031 300:
1189 3957 1276 4023 unde
1297 3958 1366 4043 pari

257 4045 328 4108 iure
341 4057 438 4131 atque
450 4068 490 4112 ex
503 4048 688 4117 Aristonico
701 4054 822 4120 adscita
839 4071 975 4140 possunt
991 4061 1096 4143 putari
1111 4082 1194 4145 quae
1213 4062 1367 4145 adnotan-

257 4160 320 4233 tur,
343 4171 384 4215 ex
405 4153 485 4217 satis
507 4156 659 4239 antiquae
681 4160 869 4226 eruditionis
892 4164 995 4246 copiis
1018 4165 1187 4229 manifeste
1208 4166 1366 4244 sublecta,

256 4253 297 4320 ad
320 4275 370 4321 vs.
393 4256 457 4320 236
479 4256 520 4319 dc
543 4259 625 4324 iusta
648 4282 802 4327 versuum
826 4265 1088 4349 ordinationeet
1109 4271 1316 4357 auctoritate,
1335 4280 1368 4336 et
