2902 4822
200 458 215 489 ⁹
695 455 747 528 46

45 670 49 677 ·
163 625 249 732 sunt,
269 645 417 712 locorum
438 641 685 709 Homericorum
714 646 846 729 notatio,
881 645 986 729 qualis
1015 645 1055 708 ab
1082 645 1275 712 Aristarcho

162 753 236 837 ipso
257 750 405 833 profecta
434 757 503 831 est,
535 747 683 812 habenda
710 749 768 832 sit,
801 759 910 812 tamen
931 750 993 813 hoc
1016 749 1093 813 nihil
1115 750 1276 834 impediri,

163 872 229 939 quo
251 853 357 917 minus
378 853 413 915 in
433 852 531 916 variis
553 852 593 915 iis
615 852 711 931 notis,
736 872 819 936 quae
842 851 882 915 ab
905 851 976 916 aliis
998 853 1146 917 manibus
1170 852 1276 918 codici

163 956 312 1040 appictae
333 965 419 1038 sunt,
442 956 551 1019 inesse
578 954 750 1018 nonnullas
772 975 980 1037 censeamus,
1010 975 1092 1040 quac
1115 975 1180 1020 non
1201 955 1276 1020 Ari·

162 1059 293 1124 starcbo
316 1057 503 1141 debeantur,
526 1056 586 1122 sed
607 1058 649 1120 ad
680 1059 819 1121 notanda
841 1058 1060 1141 posteriorum
1089 1061 1276 1123 criticorum

162 1160 281 1246 placita
295 1159 421 1224 adiecta
436 1162 509 1225 sint.
543 1160 615 1224 Hoc
635 1181 730 1245 quam
750 1163 889 1225 maxime
908 1161 1062 1225 credibile
1080 1170 1140 1244 est,
1164 1182 1276 1246 qnam·

163 1285 260 1349 quarn
274 1263 308 1326 id
322 1263 425 1347 magis
444 1283 530 1326 nunc
548 1264 720 1348 significari
741 1285 837 1348 quam
851 1264 1065 1354 dcmonstrari
1080 1274 1200 1347 potest.
1222 1264 1275 1329 Ad

122 1442 132 1461 .
163 1387 232 1430 rem
253 1386 333 1430 vero
357 1365 551 1430 credendam
569 1366 656 1430 haud
670 1387 784 1450 parum
805 1367 939 1448 confert,
962 1366 1049 1450 quod
1070 1366 1097 1448 ᾗ.
1109 1367 1148 1430 41
1167 1377 1276 1432 osten·

163 1469 241 1532 dere
262 1487 431 1550 conamur,
449 1471 585 1552 reperiri
607 1471 641 1531 in
654 1467 795 1534 Scholiis
817 1471 911 1557 signa
933 1471 1092 1553 quaedam
1113 1491 1178 1534 una
1201 1491 1275 1535 cum

163 1571 396 1655 explicatione,
431 1591 514 1656 quae
540 1573 726 1636 Aristonico
755 1575 818 1656 ipsi
846 1572 1055 1656 probabiliter
1086 1573 1275 1639 debeantur.

662 1743 689 1825 c.
721 1744 772 1809 rc.

249 1871 303 1944 lle
324 1867 416 1926 aliis
439 1867 644 1926 carminum
666 1867 954 1928 Homericorum
985 1869 1190 1928 codicibus

630 1969 811 2043 signatis,

249 2085 386 2150 Praeter
408 2084 568 2151 Vcnetnm
597 2085 704 2150 Iliadis
727 2088 872 2152 codicem
896 2089 994 2153 etiam
1017 2089 1098 2153 alius
1120 2090 1154 2154 in
1174 2089 1276 2153 bomi-

164 2212 240 2255 num
260 2189 428 2254 doctorum
450 2189 597 2253 manibus
620 2191 784 2254 exstitisse
801 2189 913 2273 fertur,
938 2194 993 2275 qui
1016 2191 1103 2276 quod
1124 2192 1276 2275 probabi·

133 2351 138 2361 .
165 2295 239 2358 liter
260 2293 337 2357 licet
359 2294 532 2375 coniiccre,
556 2291 702 2356 similiter
724 2287 820 2377 atque
835 2293 890 2356 ille
912 2295 997 2358 notis
1015 2296 1136 2359 criticis
1156 2304 1188 2359 et
1202 2295 1277 2360 ΑΠ’·

165 2397 315 2462 starcbiis
336 2396 466 2481 quidem
484 2395 654 2460 distinctus
675 2417 750 2460 esse
768 2397 926 2460 videatur.
964 2395 1064 2462 Cuius
1088 2399 1277 2462 memoriam

165 2522 263 2585 quum
286 2500 486 2564 resuscitarit
508 2499 684 2581 prudenter
701 2498 900 2563 Villoisonus
928 2497 1059 2583 Prolcg.
1082 2521 1114 2584 p.
1126 2498 1205 2563 XIV
1215 2520 1276 2584 sq,

165 2605 235 2668 cius
258 2605 369 2667 notitia
392 2621 431 2666 eo
455 2603 560 2665 minus
582 2602 635 2664 hic
658 2601 785 2663 silentio
802 2603 1084 2683 praetermittenda
1103 2612 1165 2687 est,
1189 2602 1278 2688 quod

165 2709 227 2771 ctsi
248 2726 334 2771 nunc
356 2705 520 2768 hominum
543 2702 646 2766 oculis
675 2704 786 2787 utiquc
809 2705 989 2769 subductus
1022 2725 1097 2770 esse
1120 2704 1277 2788 videatur,

165 2829 238 2873 eum
261 2820 370 2874 tamen
392 2805 564 2891 aliquando
587 2806 799 2889 recuperandi
822 2827 887 2872 non
911 2809 1015 2871 omnis
1038 2828 1115 2890 spes
1138 2809 1277 2872 evanuit.

164 2911 226 2976 Hic
247 2912 363 2994 codex,
393 2918 523 2994 praeter
549 2907 681 2972 Iliadem
704 2911 800 2973 etiam
830 2909 1014 2995 Odysscam
1044 2911 1277 2995 complectens,

164 3035 207 3079 ex
228 3014 424 3078 bibliotheca
437 3013 568 3077 Antonii
589 3011 760 3096 Seripandi
783 3012 954 3077 cardinaIIs
976 3014 1009 3075 in
1031 3013 1279 3096 Neapolitanam

164 3117 199 3182 S.
230 3118 381 3182 lobannis
417 3115 458 3178 dc
488 3113 674 3178 carbonara
704 3116 879 3199 deductuS,
912 3117 1044 3180 saeculo
1066 3113 1143 3180 XVI
1165 3114 1280 3180 fraude

165 3219 339 3286 custodum
360 3219 496 3302 pecunia
520 3227 746 3300 corruptorum
769 3240 828 3302 per
849 3219 1025 3284 Iohannem
1048 3219 1089 3281 de
1111 3215 1196 3280 Witt
1216 3216 1280 3281 Ba·

164 3333 275 3387 tavum
307 3323 342 3384 in
374 3322 511 3404 patriam
534 3318 660 3383 ablatus
683 3321 752 3404 snit,
783 3322 839 3385 ubi
862 3343 960 3406 quum
991 3322 1062 3386 aliis
1085 3341 1158 3383 cum
1180 3321 1280 3404 inspi-

164 3424 270 3491 ciendi
294 3425 387 3507 copia
409 3421 494 3486 facta
518 3423 587 3504 suit,
611 3431 678 3485 tum
700 3426 794 3487 ctiam
807 3423 976 3510 Berglcro,
1001 3425 1055 3509 qui
1078 3433 1185 3486 tamen
1208 3423 1279 3487 eius

163 3531 196 3592 in
218 3527 325 3592 Iliadis
348 3528 487 3592 editione
517 3545 546 3588 a.
570 3525 655 3588 1707
683 3527 798 3590 emissa
829 3527 948 3591 nullam
978 3527 1134 3590 rationem
1155 3524 1279 3606 babuit,

165 3633 226 3696 nisi
250 3632 336 3716 quod
360 3633 392 3694 in
415 3628 616 3709 frontispicio
653 3631 722 3692 eius
746 3631 906 3693 exhiberI:
944 3629 1142 3692 »Aristarchi
1165 3629 1276 3713 signaa

165 3733 273 3799 Pracs.
297 3755 328 3817 p.
350 3733 374 3797 I.
403 3733 576 3796 adnotavit.
621 3730 660 3794 V.
688 3731 802 3796 ViIlois
826 3734 845 3796 l.
870 3734 890 3796 I.

253 3835 369 3901 Sciens
403 3837 515 3900 omitto
548 3833 693 3897 codicem
725 3832 832 3899 Iliadis
854 3835 1116 3900 Escorialensem
1140 3853 1281 3899 comme·

167 3951 328 4004 moratum
360 3939 392 4001 in
423 3938 614 4001 Harlesiana
651 3932 787 4000 Fabricii
822 3937 904 4000 BibI.
941 3935 995 4000 Gr.
1029 3936 1065 4003 Τ.
1095 3939 1117 4001 l.
1150 3959 1181 4021 p.
1204 3937 1281 4019 lto,

168 4045 288 4128 quippe
312 4060 375 4126 quo
399 4041 453 4124 qui
476 4038 624 4104 asterisci
658 4037 783 4124 aliaque
806 4043 897 4126 signa
926 4041 1081 4123 adscripti
1103 4042 1178 4122 sint,
1211 4038 1282 4103 nul-

167 4144 243 4227 lam,
279 4155 313 4208 ut
349 4144 477 4228 quidem
511 4151 673 4215 narratur,
716 4144 859 4207 criticam
892 4146 958 4206 vim
999 4143 1144 4206 babeant.
1199 4140 1282 4204 Tum

170 4247 274 4310 verbo
296 4246 501 4326 monendum,
532 4246 564 4305 in
588 4247 811 4329 antiquissimo
834 4246 1002 4329 Odysseae
1033 4243 1182 4326 exemplo
1204 4243 1282 4306 Am·
