2902 4822
684 451 761 528 198

163 649 233 713 eius
255 648 302 711 rei
325 645 455 711 exhibet
484 644 539 729 qui
561 644 703 707 omnium
734 653 767 708 et
800 645 941 727 optimus
969 654 1001 708 et
1034 644 1276 731 antiquissimus

163 762 294 839 putatur
324 749 542 832 Cassellanus‚
565 749 627 812 hae
651 748 691 812 de
714 769 831 813 caussa
854 760 929 812 ante
940 748 1001 814 hos
1012 768 1136 833 paucos
1148 768 1277 815 menses

165 879 183 921 a
207 877 259 919 me
283 856 494 920 examinatus,
537 851 619 916 Nam
644 873 726 936 quae
749 852 864 916 crebro
887 854 1021 938 margini
1051 854 1181 937 appicta
1204 862 1277 939 sunt

167 961 271 1045 signa,
283 977 324 1020 ex
337 956 454 1040 quihus
468 976 551 1040 quae
566 975 639 1018 cum
653 957 774 1020 criticis
786 957 871 1019 notis
883 954 1023 1040 aliquam
1035 957 1159 1020 formae
1170 954 1278 1021 simili·

166 1062 308 1151 tudinem
320 1060 459 1124 habeant
479 1059 606 1123 enotavi
618 1057 718 1122 haece
733 1061 778 1132 ·Ε
803 1054 833 1126 ἦ·
858 1059 898 1139 ·><·
915 1063 940 1133 ¹)
955 1053 988 1134 Ἰ.
1016 1080 1046 1127 .·.
1067 1074 1077 1121 t
1136 1054 1173 1143 ··Ι
1190 1058 1218 1139 ²)
1236 1066 1277 1143 ·1-,

165 1188 203 1232 ea
219 1154 346 1231 tametsi
359 1185 399 1228 ex
421 1165 551 1248 antiqua
570 1161 702 1226 notandi
716 1163 840 1226 ratione
861 1163 1030 1227 manifeste
1049 1162 1172 1228 adscita
1191 1172 1278 1245 sunt,

165 1270 263 1351 veluti
276 1270 454 1332 asteriscus
472 1277 503 1331 et
517 1267 620 1352 sigma
640 1262 879 1349 περιεσυγμένυν,
898 1264 977 1330 nihil
990 1275 1095 1330 tamen
1107 1284 1279 1331 commune

166 1396 240 1440 cunr
250 1357 363 1447 critica
382 1370 513 1455 liabent,
533 1371 592 1434 sed
608 1370 649 1434 ad
666 1370 856 1434 indicandos
874 1370 1072 1435 scholiorum
1087 1389 1165 1435 orae
1179 1388 1280 1453 appo·

166 1480 302 1556 sitorum
324 1476 417 1541 locos
440 1485 606 1559 spectant:
631 1474 720 1558 quod
739 1473 792 1538 vel
816 1474 998 1558 exemplum
1015 1475 1110 1538 unius
1130 1475 1279 1561 paginae

77 1650 82 1658 ἡ
166 1581 199 1644 in
223 1600 285 1665 qua
309 1580 404 1643 etiam
428 1580 531 1664 sigma
553 1598 679 1661 purum,
704 1576 740 1658 C,
765 1587 881 1660 exstat,
906 1576 1279 1663 capeioaarsignilicans,

166 1693 313 1766 testatur,
338 1692 406 1746 arte
419 1703 515 1767 quam
530 1683 772 1746 accuratissime
786 1701 977 1765 expressum
990 1683 1022 1744 in
1041 1680 1198 1766 „Proben
1216 1700 1285 1746 von

166 1785 542 1871 Manuscript·Abdruek
564 1806 623 1850 aus
653 1786 710 1849 der
731 1786 1028 1872 lithographischen
1056 1786 1189 1852 Austalt
1215 1806 1280 1852 von

165 1890 317 1954 Theodor
348 1889 483 1953 Fischer
513 1890 546 1953 in
576 1888 691 1955 Cassel
715 1890 832 1955 1843.“
877 1888 958 1952 Tum
982 1890 1092 1974 quiin
1115 1888 1279 1955 eodPnl.

164 1993 237 2057 libri
258 1996 365 2058 octavi
388 1996 633 2079 praescriptioni
656 1996 762 2071 (Θυυκ.
779 1999 950 2077 συγγραφῆς
969 1989 1013 2077 γ’)
1037 1993 1186 2059 adiicitur
1197 2004 1282 2060 aste·

166 2098 283 2181 risone,
308 2118 380 2162 eum
404 2099 581 2162 ornamenti
605 2117 722 2162 caussa
744 2096 943 2178 adscriptum
966 2115 1052 2179 esse,
1076 2095 1173 2161 docet
1196 2098 1291 2163 eine·

167 2199 239 2264 dem
270 2200 393 2264 codicis
416 2202 629 2284 praescriptio
660 2200 733 2263 libri
765 2201 905 2282 septimi,
940 2218 1022 2285 quae
1050 2201 1142 2266 initio
1163 2211 1198 2265 et
1218 2200 1282 2267 dne

167 2303 282 2367 eodem
315 2304 409 2389 signo
439 2305 563 2369 inclusa
598 2314 656 2367 est.
700 2302 745 2365 At
774 2299 886 2364 relicta
919 2302 1076 2385 quaedam
1106 2296 1287 2371 notationis

168 2405 306 2490 vestigia
342 2407 375 2468 in
407 2403 559 2488 Scholiis‚
595 2425 678 2491 quae
711 2404 882 2468 Reiuesius
919 2407 952 2470 in
986 2418 1092 2472 mente
1122 2408 1281 2475 hubuisse

160 2503 297 2589 'videtur
329 2517 417 2587 (nam
450 2513 521 2595 ipse
553 2533 593 2575 ne
627 2511 761 2575 verbum
796 2511 924 2596 quidem
954 2510 1075 2577 addidit
1097 2533 1204 2598 neque
1226 2514 1283 2601 qui

168 2610 360 2676 Remesiana
383 2633 501 2677 secure
532 2615 671 2696 repetiit,
707 2611 904 2679 Villoisonus
928 2615 1057 2703 Proleg.
1086 2637 1117 2700 p.
1149 2614 1280 2700 XVlll),

168 2736 242 2779 rara
265 2736 303 2781 ea
326 2726 358 2780 et
377 2716 561 2802 singularia.
606 2717 689 2780 Nam
713 2738 811 2802 quum
834 2739 870 2782 ea
895 2721 938 2784 sit
960 2730 1131 2786 contextus
1152 2719 1282 2809 roucy-

171 2818 247 2883 didii
280 2822 362 2884 ratio
395 2831 427 2884 et
453 2821 605 2905 conditio,
635 2832 670 2886 ut
700 2821 785 2885 nulla
810 2823 879 2886 eius
912 2824 1012 2888 maior
1034 2844 1112 2908 pars
1134 2825 1167 2889 in
1190 2824 1282 2889 dubi·

169 2923 323 2988 tationem
346 2923 489 2988 incidere
524 2926 724 2990 existimetur
754 2926 824 3010 vel,
859 2930 888 2993 si
915 2928 1105 3013 Poppenem
1133 2930 1282 2996 audimus

169 3024 243 3092 Vol.
278 3027 303 3111 1,
337 3028 499 3112 2.p.11‚
535 3050 576 3094 ne
606 3039 704 3113 caput
734 3030 863 3115 quidem
893 3030 992 3095 ullum
1022 3053 1105 3096 neve
1127 3032 1281 3117 periodus

169 3139 225 3193 aut
245 3131 371 3216 integra
393 3133 567 3197 enuntiatio
598 3154 658 3216 pro
681 3134 859 3216 suppositis
889 3132 1001 3197 haberi
1026 3134 1132 3218 possit
1153 3142 1282 3218 praeter

169 3230 278 3295 ultima
300 3235 400 3298 totius
434 3238 543 3320 operis
565 3237 665 3300 verba
688 3231 755 3299 ὅταν
779 3232 795 3299 ὁ
818 3233 892 3318 μετὰ
922 3242 1007 3301 τοῦτο
1036 3234 1070 3300 τὸ
1093 3232 1187 3321 θέρος
1207 3246 1280 3321 etc,

170 3355 210 3399 eo
233 3338 337 3402 minus
359 3337 452 3403 locus
474 3340 559 3405 ullus
584 3339 694 3403 debuit
715 3340 834 3404 criticis
858 3342 996 3424 antiquis
1015 3339 1149 3406 relictus
1162 3341 1280 3425 putari,

169 3442 223 3506 cui
245 3438 360 3505 obelus
384 3446 502 3526 apponi
530 3445 699 3528 potuisset.
741 3445 851 3528 Atque
869 3464 983 3508 revera
1012 3464 1095 3509 unns
1114 3444 1207 3509 solus
1225 3442 1280 3508 ad·

169 3546 233 3612 huc
262 3547 355 3611 loeus
383 3558 533 3631 repertus
564 3559 614 3612 est
636 3547 697 3627 tlt,
727 3549 787 3630 84,
821 3547 877 3611 ubi
907 3547 1065 3612 eiusmodi
1095 3549 1218 3613 notatio
1239 3566 1280 3612 ex

171 3649 441 3727 &tolerraset
464 3661 497 3717 et
518 3651 604 3737 Aug.
628 3652 777 3717 affertur:
809 3650 854 3717 Τὰ
884 3649 1067 3737 ὠβελισμένα
1096 3649 1194 3719 οὐδενὶ
1221 3659 1280 3717 τῶν

168 3743 317 3839 ἐξηγητῶν
339 3753 428 3826 ἔδοξε
451 3755 635 3820 Θουκυδίδου
658 3750 751 3819 εἶναι·
774 3752 876 3842 ἀσαφῆ
907 3754 963 3841 γὰρ
986 3752 1036 3821 καὶ
1056 3761 1102 3843 τῷ
1121 3752 1206 3845 τύπῳ
1226 3761 1280 3841 τῆς

169 3860 448 3883 Μ-ᾑ-

219 3928 247 3992 1)
265 3922 300 3980 V.
321 3924 518 3982 c.lnl.16.b.
555 3923 675 3977 Eandem
702 3925 816 3995 figuram
841 3944 875 3981 ex
904 3926 1001 3981 codice
1025 3924 1209 3995 Anthologiae
1225 3924 1279 3979 Pn-

270 4011 354 4067 latino
372 4010 442 4066 inira
461 4008 623 4076 notabimus,
641 4013 847 4084 notavimusque
873 4017 899 4081 s.
918 4016 951 4065 65
971 4013 997 4065 in
1017 4011 1194 4083 Hippocrate.

208 4117 252 4184 Δ2)
269 4094 331 4187 Hoc
349 4117 456 4185 signum
474 4113 551 4168 titulo
569 4112 604 4166 ad
623 4113 774 4185 clausulam
792 4114 965 4170 indicandam
983 4113 1138 4169 subiectum
1157 4114 1279 4169 enimd-

268 4206 339 4258 verti
363 4204 391 4255 iu
414 4201 506 4272 lapide
530 4216 603 4256 nunc
627 4199 786 4257 llo'nacensi
811 4219 854 4273 ap,
880 4201 987 4256 Heiner
1005 4200 1107 4257 Kleiue
1132 4200 1279 4258 iusclrrilll·

273 4289 389 4345 Denlrm.
408 4287 432 4345 d.
452 4286 487 4342 Κ.
505 4287 606 4360 Bayer.
624 4288 832 4362 Antiquariums
850 4307 877 4361 p.
894 4293 921 4347 7.
