2902 4822
743 450 837 535 328'

145 651 150 658 '
258 652 261 657 ’
386 652 444 724 fol.
465 652 516 720 28.
541 652 593 725 29.
949 652 1005 722 fot
1030 654 1104 725 154.
1127 654 1200 723 tec.

222 778 361 865 tisigma.
404 776 425 880 j
470 776 642 863 antisigma
685 792 761 843 euru
804 775 1040 861 scripturarum
1075 774 1274 845 carminibus
1311 788 1346 847 et

222 877 404 967 puncto.T
434 880 563 948 coronis
591 890 651 957 7·-
672 876 760 966 diple
803 878 949 946 historiis
982 879 1213 966 adposuerunt.
1257 880 1346 952 Nota

224 984 433 1052 obelismene.
479 991 518 1061 ε
538 1004 655 1051 aversa
681 984 760 1050 obe·
804 992 856 1047 est
874 982 979 1068 figura
998 986 1151 1070 propriae
1173 984 1206 1051 in
1229 984 1345 1055 literae

223 1078 368 1156 lismene.
383 1088 608 1172 *ceraunium
621 1088 664 1174 -ζ-
681 1088 760 1154 obc·
803 1085 936 1152 modurn
969 1089 1096 1173 positae
1126 1089 1170 1155 ad
1208 1088 1344 1157 demon·

222 1192 275 1257 lus
301 1191 494 1277 adpunctus.
525 1204 613 1265 -<
643 1190 759 1260 obelus
804 1189 974 1257 strandum
1009 1210 1094 1277 quae
1133 1212 1343 1281 marronam·

223 1298 296 1361 o'um
333 1315 448 1362 eversa
480 1291 501 1373 Ξ
529 1295 616 1382 diple
644 1316 761 1383 snper·
804 1315 869 1381 que
882 1294 911 1372 ²)
933 1295 1026 1361 verbi
1043 1296 1342 1385 sententiarumque

223 1397 360 1466 obelata.
385 1402 454 1477 γ’·
475 1411 565 1469 recta
586 1412 620 1467 et
641 1421 759 1469 aversa
802 1398 845 1464 ad
869 1419 1024 1466 versum
1044 1400 1214 1468 rationem.
1234 1398 1342 1469 Notae

221 1521 362 1589 superne
392 1503 531 1571 obelata.
567 1502 612 1602 >k
646 1505 698 1572 chi
725 1514 759 1571 et
801 1512 911 1569 autern
945 1502 1099 1573 versibus
1133 1512 1343 1590 apponuntur

385 1605 490 1676 opu)
800 1625 937 1672 numero
949 1607 1063 1695 viginti
1080 1627 1142 1674 sex
1161 1618 1238 1675 suut
1256 1628 1342 1697 quac

220 1696 268 1742 ¹⁰·
312 1675 345 1765 ὦ
382 1676 404 1742 fl
434 1688 467 1744 et
488 1698 536 1745 ¹⁸⁰·
568 1675 758 1752 T³¹¹⁰l¹⁰¹³
800 1720 878 1781 sunt
893 1710 1079 1781 nominibus
1099 1712 1182 1781 iufra
1196 1712 1340 1801 scriptis.

222 1780 381 1864 superior.
404 1776 430 1868 ξ
453 1781 595 1852 anchora
615 1785 757 1854 inferior.

222 1881 348 1970 alogus.
372 1886 400 1968 ⁸)

265 1986 324 2054 His
346 1988 428 2058 solis
445 1991 479 2058 in
494 1993 757 2063 adnotationibus

221 2092 340 2165 bound.
368 2092 446 2162 lucii
470 2108 503 2164 et
528 2099 758 2167 historicorum

222 2234 273 2298 usi
289 2243 365 2300 suut
380 2201 507 2303 varrds.
522 2236 670 2307 hennius.
682 2238 759 2304 hae·

219 2332 287 2403 lius
316 2356 442 2427 aequae
470 2342 500 2423 ⁴)
535 2351 569 2407 et
589 2351 758 2427 postremo

219 2440 360 2527 probus,
394 2445 450 2531 qui
470 2443 543 2512 illas
572 2446 607 2512 in
628 2446 757 2533 virgilio

218 2553 253 2610 et
273 2544 401 2613 horatio
430 2556 465 2613 ct
493 2548 632 2616 lucretio
655 2570 758 2637 appo·

218 2648 285 2713 suit
305 2658 343 2714 ut
363 2649 498 2718 homero
520 2654 731 2722 aristarchus
1119 2702 1122 2709 ·
1300 2712 1305 2719 -

261 2784 305 2801 -
336 2752 453 2821 obelus
479 2756 754 2842 versibusappo·
841 2800 885 2817 -
913 2767 1032 2836 obulus
1060 2768 1096 2837 id
1127 2779 1181 2837 est
1209 2769 1340 2859 virgula

220 2855 397 2925 uiturbac
419 2878 530 2926 causa
560 2860 751 2929 Pisistratus
795 2872 907 2940 nuens
937 2874 1114 2959 apponitur
1139 2872 1252 2951 verbu
1282 2874 1339 2943 vel

218 2962 381 3047 quondam
395 2963 631 3031 atheniensium
642 2975 751 3053 tyran·
794 2977 827 3042 in
848 2979 1022 3044 sententiis
1043 2977 1212 3062 superflue
1238 2980 1340 3049 itera·

215 3050 277 3133 uus
295 3065 477 3133 inordinata
490 3078 522 3133 et
542 3069 750 3137 confusaad·
792 3080 834 3147 tis
858 3102 921 3147 ιοιι
944 3081 1050 3148 iubis
1073 3082 1168 3169 locis,
1190 3083 1247 3149 ubi
1269 3081 1339 3153 lcc·

215 3167 281 3234 buc
314 3170 410 3255 poesi
443 3172 570 3237 homeri
601 3176 748 3257 praemio
793 3184 840 3250 tio
850 3185 959 3272 aliqua
975 3184 1118 3253 falsitate
1137 3197 1250 3255 notata
1271 3200 1337 3275 est,

215 3268 394 3338 sollicitare
408 3275 581 3356 proposuit
593 3295 654 3341 eos
673 3281 750 3364 quia
795 3295 830 3351 ut
861 3290 956 3374 qnasi
985 3291 1105 3379 sagitta
1133 3290 1261 3379 iugulat
1280 3312 1339 3361 su·
1396 3342 1399 3347 ·

214 3373 420 3440 ordinassent
430 3375 537 3463 iisque
547 3381 681 3464 praemii
692 3401 751 3448 uo·
795 3410 960 3474 pervacua
989 3403 1089 3479 atque
1116 3394 1202 3461 falsa
1221 3397 1337 3463 conio·

216 3477 303 3543 mine
326 3478 360 3542 iu
382 3479 530 3564 singulos
550 3503 668 3554 versus
685 3489 752 3554 sin·
795 3492 874 3559 diat.
886 3493 1014 3583 Sagitta
1027 3498 1113 3564 enim
1123 3518 1243 3588 ςιιοιιο
1253 3498 1338 3569 obu-

214 3580 311 3667 gnlos
333 3580 448 3649 obelos
468 3588 645 3655 constituit.
667 3589 753 3658 Mer·
796 3594 849 3664 lus
873 3598 1000 3669 dicitur.
1021 3602 1085 3686 (λ)

218 3684 299 3753 cede
320 3685 412 3753 multi
433 3687 557 3757 inducti
577 3714 752 3784 pauperes,

269 3897 298 3966 u)
316 3896 380 3955 [sid.
399 3896 511 3973 antiqui
528 3899 569 3957 aa
583 3900 791 3964 distinctionem
803 3936 839 3952 -
852 3909 976 3986 proptio
990 3942 1025 3959 ·-
1038 3912 1080 3973 ad
1088 3914 1339 3981 mmm

270 4226 299 4295 ι)
316 4224 415 4292 neor,
433 4226 537 4288 moui
552 4237 581 4290 et
598 4233 797 4297 rotomnam
813 4239 859 4299 aar
874 4247 943 4300 aare
963 4241 1064 4313 uma,
1081 4242 1206 4323 m.
1221 4244 1337 4325 dabra.

323 4308 441 4389 Aquilo.
467 4314 500 4370 V.
517 4334 544 4392 p.
562 4322 623 4378 tot.
638 4337 680 4397 eq.
706 4324 749 4383 De
767 4325 896 4387 Lucretio
911 4346 939 4390 r.
955 4347 984 4405 p.
996 4334 1058 4393 iil.
