2902 4822
652 352 826 508 rs

162 585 281 648 buntur
304 584 482 667 eodemque
503 592 651 667 tempore
673 587 713 649 ab
736 586 849 651 eadem
865 606 960 652 mauu
979 590 1100 672 scripta
1110 591 1270 676 videntur,

163 689 195 750 in
218 708 277 751 sua
299 688 458 752 elementa
490 688 627 774 singula.
673 691 787 776 ltaque
813 693 847 755 in
869 693 928 756 tria
959 695 1062 776 capita
1096 688 1271 781 dispescui,

165 791 281 856 eodem
304 791 416 855 ordine
450 791 482 854 in
506 791 750 874 Commentariis
785 803 926 878 servato,
957 797 1019 859 nisi
1050 797 1148 881 quod,
1176 803 1273 864 tertio

164 902 298 976 propter
318 894 498 968 argumenti
520 893 737 961 diversitatem
759 898 886 960 interim
907 899 1052 981 seposito
1070 903 1273 986 seorsimque
1318 911 1324 921 '

165 995 227 1059 sub
250 992 373 1057 calcem
394 994 579 1077 tractando,
610 999 762 1081 proinde,
796 1000 908 1064 ordine
931 1004 1070 1085 capitum
1093 1004 1225 1086 relicto,
1255 1026 1273 1070 a

166 1097 330 1179 secundo,
364 1107 527 1182 tamquam
561 1101 743 1167 ceterorum
776 1105 919 1169 rivorum
952 1107 1056 1188 fonte,
1093 1108 1275 1174 disserendi

165 1203 288 1265 initium
311 1203 392 1282 cepi.

681 1386 709 1453 ς.
732 1379 763 1440 2.

300 1519 484 1574 Defonte
523 1517 707 1575 materiae
745 1519 781 1574 in
819 1522 1011 1579 Anecdoto
1051 1527 1147 1583 Rom.

632 1624 812 1684 traditae.

257 1754 449 1821 'l'ranseunti
470 1757 533 1819 iarn
556 1756 597 1832 ad
619 1757 804 1842 generalem
832 1761 931 1823 totius
962 1764 1110 1844 opusculi
1133 1766 1280 1829 conside·

170 1861 328 1925 rationem
363 1871 396 1925 et
428 1861 565 1944 primum
596 1861 726 1945 quidem
755 1860 796 1924 ad
826 1881 895 1924 eam
925 1864 995 1927 eius
1024 1877 1159 1950 partem,
1197 1887 1280 1952 quae

172 1962 336 2044 prioribus
359 1962 487 2027 duobus
510 1964 668 2046 capitibus
692 1962 732 2025 de
755 1964 857 2046 signis
881 1963 1088 2030 Aristarchiis
1111 1970 1187 2053 agit,
1216 1989 1281 2031 non

173 2073 282 2146 potest
294 2064 425 2129 dubium
437 2086 521 2146 esse,
534 2087 608 2132 cum
620 2065 815 2150 exploranda
828 2066 945 2128 horum
955 2066 1019 2129 fide
1031 2077 1157 2132 ceteras
1169 2089 1281 2134 omnes

174 2185 258 2248 quac
288 2166 428 2230 incidant
469 2168 677 2251 quaestiones
711 2168 923 2231 cummaxime
965 2170 1152 2233 coniunctas
1189 2189 1281 2234 esse:
1354 2161 1357 2163 ’

174 2271 207 2332 in
236 2290 298 2354 qua
327 2270 523 2352 exploranda
552 2272 659 2334 omnia
686 2269 829 2354 pendent
855 2279 923 2333 tum
951 2292 969 2334 a
999 2271 1221 2353 probabilitate
1251 2284 1284 2336 et

175 2373 300 2435 ratione
321 2393 428 2436 rerum
451 2374 648 2455 traditarum,
670 2383 739 2436 tum
761 2393 780 2436 a
801 2373 947 2453 fontium,
971 2391 1012 2435 ex
1034 2375 1152 2457 quibus
1170 2387 1284 2439 auctor

176 2493 235 2537 sua
257 2473 413 2556 hauserit,
435 2476 719 2559 pervestigatione.
763 2472 814 2537 Ex
835 2476 909 2557 ipso
938 2475 1172 2541 schediasmate
1195 2497 1285 2540 num·

177 2575 255 2660 quid
281 2576 323 2639 ad
355 2597 425 2640 rem
459 2577 680 2642 illustrandam
717 2578 827 2663 colligi
861 2580 982 2662 possit,
1014 2580 1286 2663 circumspicienti

176 2682 253 2747 nihil
276 2679 363 2744 aliud
385 2700 460 2744 sese
483 2681 576 2746 offert
600 2704 695 2766 quam
726 2681 815 2766 quod
844 2682 951 2765 cap.l
982 2693 1120 2747 exeunte
1146 2683 1284 2768 legitur:

176 2781 287 2847 τούτων
322 2775 348 2848 δ’
379 2779 517 2847 ἁπάντων
546 2791 605 2848 τῶν
634 2784 763 2867 σημείων
794 2780 988 2867 ἀκριβέστερα
1022 2792 1129 2865 γνῶσις
1162 2781 1201 2849 ἔνι
1225 2792 1287 2857 τοῖς

178 2890 302 2972 βιβλίοις
323 2897 382 2954 τῶν
405 2887 655 2973 συγγραψαμὲνων
677 2887 745 2972 περὶ
766 2889 894 2954 τούτων·
916 2887 966 2953 καὶ
988 2887 1029 2964 εἰς
1052 2887 1197 2972 ὠφέλειαν
1220 2886 1288 2953 ἐπι-

173 2995 259 3079 ζήτει
280 2993 361 3078 παρὰ
382 3003 440 3060 τῶν
462 3003 608 3077 τεχνιτῶν.
652 2993 703 3057 Ex
725 3014 790 3078 quo
818 2992 893 3057 loco
916 3004 1005 3057 certe
1035 2995 1100 3058 hoc
1120 2986 1288 3075 probabile

180 3107 241 3180 est,
274 3118 316 3160 ex
337 3099 377 3161 iis
408 3097 689 3180 grammaticorum
711 3096 818 3178 libris,
843 3114 980 3179 quorum
1003 3114 1097 3158 usum
1128 3094 1169 3158 ad
1190 3095 1290 3157 maio·

179 3226 249 3269 rem
283 3207 332 3269 rei
359 3203 575 3288 cognitionem
603 3201 852 3284 comparandam
884 3199 1097 3281 commendet,
1123 3208 1290 3261 auctorem

118 3387 122 3394 Ι
180 3310 288 3390 ipsum
323 3305 522 3388 profecisse,
569 3312 601 3366 et
637 3322 720 3386 quae
759 3304 831 3385 ipse
873 3303 1055 3366 concisiora
1097 3298 1290 3377 exhibuerit,

181 3414 214 3475 in
235 3413 276 3474 iis
299 3411 440 3492 scriptia,
471 3407 587 3491 quibus
609 3427 690 3470 usus
712 3407 765 3488 sit,
797 3405 955 3489 prolixius
978 3404 1158 3487 perscripta
1179 3401 1290 3465 fuisse.

181 3515 276 3578 Exile
304 3512 433 3598 quidem
455 3510 496 3575 ad
518 3531 587 3573 rem
608 3510 672 3576 hoc
705 3510 840 3590 lucrum,
876 3527 938 3571 nec
970 3517 1076 3570 tamen
1107 3503 1229 3584 inutile,
1264 3504 1293 3566 si

183 3618 313 3701 quidem
337 3637 434 3700 quum
458 3634 541 3699 quae
563 3613 605 3677 ab
628 3622 760 3677 auctore
788 3609 969 3690 traduntur,
999 3608 1133 3689 penuria
1155 3626 1214 3669 sua
1236 3605 1293 3668 ad·

183 3719 314 3783 modum
336 3720 477 3784 recentis
499 3717 613 3782 aetatis
636 3722 816 3780 commenta
838 3730 902 3774 non
925 3708 1071 3792 prodant,
1104 3706 1163 3771 sed
1185 3727 1294 3772 rerum

184 3826 386 3908 antiquarum
414 3824 493 3886 satis
523 3820 659 3884 solidam
689 3819 834 3883 notitiam
857 3814 1039 3895 ostendant,
1074 3813 1116 3876 ad
1144 3811 1294 3897 limpidos

97 3918 100 3928 ¹
184 3924 288 4007 ipsius
309 3923 505 4007 antiquitatis
528 3921 634 3984 fontes
658 3919 856 3985 deducimur.
896 3916 946 3979 De
968 3915 1070 4000 siguis
1092 3926 1200 3980 autem
1221 3915 1295 3977 Ari·

185 4026 336 4089 starchiis
359 4025 414 4108 qui
436 4025 519 4087 inter
542 4031 670 4085 veteres
693 4021 931 4104 grammaticos,
955 4027 1109 4101 quantum
1131 4036 1191 4081 nos
1214 4017 1296 4080 scia·

187 4150 271 4212 mus,
302 4128 507 4211 peculiariter
529 4127 740 4209 scripserunt,
772 4124 922 4186 bisunt:
952 4121 1156 4185 Aristonicus
1184 4130 1228 4201 et,
1261 4127 1296 4182 ut

188 4234 322 4299 credere
343 4232 394 4296 fas
416 4241 477 4313 est,
500 4230 664 4314 Diogenes
694 4239 727 4292 et
753 4225 961 4307 Philoxenus,
994 4224 1035 4287 de
1058 4223 1175 4307 quibus
1198 4239 1295 4306 quum
1350 4220 1353 4224 ⁴
