2902 4822
633 443 711 517 217

115 632 211 714 οὗτος,
241 635 316 699 ἔνθα
344 632 532 719 παράκειται,
563 635 697 718 σημαίνει
724 633 758 697 τό
787 630 984 717 ἐμφερόμενον
1014 628 1096 717 ῥῆμα
1124 629 1154 695 ἐν
1181 638 1225 716 τῷ

112 736 267 822 Ἑβραϊκῴ
295 741 421 816 κεῖσθαι,
450 735 501 801 καὶ
524 735 707 821 ἐμφέρεσθαι
734 734 818 820 παρὰ
835 731 953 822 ’Attia
979 733 1029 801 καὶ
1058 733 1224 817 Συμμαχω,

116 843 247 915 σπανίως
270 838 375 905 δὲκαὶ
402 839 485 924 παρὰ
515 843 699 906 Θεοδοτίωνι
729 841 756 906 οἱ
779 839 813 904 δὲ
841 837 1096 924 ἑβδομηκονταδύο
1128 839 1225 920 ἑρμη-

113 943 210 1010 νεοταὶ
240 952 387 1028 παρῆκαν,
418 943 468 1009 καὶ
490 942 547 1026 οὐχ
579 944 768 1029 ἑρμηνεοσαν,
803 943 849 1018 ὡς
870 939 1139 1026 δισοολοηοομένων
1162 949 1222 1004 τῶν

114 1049 253 1114 τοιούτων
281 1048 400 1129 λογίων,
430 1046 481 1111 καὶ
508 1047 543 1111 ἐκ
571 1056 712 1130 περισσοῦ
742 1044 1029 1130 ἀναγινωσκομένων.
1072 1046 1160 1108 Idem
1184 1047 1224 1107 de

116 1153 207 1216 LXX
231 1172 331 1236 agens
356 1172 385 1232 p.
413 1151 488 1214 173:
519 1147 560 1214 ὧν
582 1148 638 1233 γὰρ
662 1149 717 1215 οόκ
744 1149 779 1236 ἧν
802 1153 889 1235 χρεία
912 1148 953 1224 εἰς
975 1149 1141 1234 ἑρμηνείαν,
1163 1170 1225 1211 πα-

115 1264 219 1339 ρῆκαν,
254 1255 275 1319 ἅ
303 1276 365 1318 τινα
390 1250 432 1327 εἰς
453 1253 575 1337 όστερον
609 1252 638 1319 ὲν
660 1264 721 1328 τοῖς
750 1263 859 1338 φωνῶν
889 1252 987 1319 οὔτῶν
1018 1251 1121 1326 τόποις
1152 1249 1226 1336 μετὰ

115 1355 297 1442 ἀστερίσκων
316 1351 470 1440 Ὠριηὲνης
493 1355 661 1440 συνέθηκεν.
695 1357 843 1441 Exempli
866 1358 939 1420 loco
962 1357 1095 1420 affertur
1115 1377 1145 1438 p.
1165 1354 1226 1417 159

114 1462 283 1526 Geneseos
307 1461 508 1543 principium,
533 1480 597 1544 quo
620 1482 720 1544 quum
741 1463 782 1524 ad
805 1463 902 1524 verba
916 1460 1076 1523 Hebraica
1098 1468 1226 1521 verten-

114 1566 192 1628 dum
213 1575 311 1646 esset,
335 1574 370 1626 ut
392 1584 465 1627 cum
488 1563 605 1648 Aquila
629 1567 723 1627 etiam
753 1566 806 1628 alii
828 1567 1014 1643 vertissent,
1048 1559 1099 1625 καὶ
1120 1561 1225 1642 ἔζησεν

110 1661 212 1751 Ἀδὰμ
239 1664 394 1751 τριάκοντα
420 1667 488 1740 ἔτος
513 1664 564 1731 καὶ
593 1664 747 1731 ἐννακόσια
779 1668 861 1747 ἔτος,
900 1666 990 1730 LXX
1019 1664 1144 1728 scilieet
1172 1663 1223 1746 τὴν

114 1775 260 1835 δοκουσαν
289 1766 363 1834 εἶναι
392 1767 535 1853 βόμβησιν
573 1768 746 1853 [repetitae
775 1772 868 1834 vocis
901 1767 982 1852 ἔτος]
1018 1766 1059 1842 είς
1089 1764 1226 1850 λειότητα

114 1858 326 1956 μεταβαλόντες
347 1878 398 1947 (ut
420 1874 463 1936 ait
485 1871 675 1955 Epibanius)
699 1875 824 1939 Graece
846 1873 1062 1937 reddidissent
1084 1871 1177 1953 ἔζησε
1192 1868 1226 1934 δὲ

110 1971 211 2060 Αδὰμ
224 1973 377 2059 τριάκοντα
390 1998 440 2040 και
429 1973 610 2042 ἐννακόσια
624 1979 686 2062 ἔτη
716 1978 790 2043 Alia
802 1976 948 2058 exempla
965 1975 1117 2039 indicavit
1130 1973 1226 2039 Eich-

113 2079 289 2143 borniusl.
312 2078 334 2142 l.
357 2081 474 2162 μ.485
487 2101 536 2163 sq
570 2079 717 2144 Eundem
740 2082 887 2145 asterisci
907 2100 1002 2143 usum
1027 2080 1060 2140 in
1082 2077 1225 2141 notando

113 2184 272 2248 Psalterio
305 2193 442 2247 testatus
472 2194 522 2247 est
554 2182 670 2248 Florus
700 2184 849 2249 laudatus
872 2184 893 2249 l.
915 2185 955 2247 l.:
993 2181 1082 2266 »Ego
1105 2182 1224 2264 itaque,

114 2300 148 2350 nt
170 2288 345 2350 iniunctum
369 2289 533 2370 negotium
560 2287 744 2370 diligentius
768 2309 958 2372 exequerer,
989 2285 1064 2349 dedi
1094 2304 1226 2367 operam

114 2404 146 2456 et
168 2391 349 2454 hebraicam
372 2393 457 2454 sacri
480 2393 664 2474 interpretis
693 2393 936 2457 translationem
967 2401 998 2455 et
1021 2388 1226 2472 septuaginta

114 2496 294 2558 adinvicem
317 2494 476 2576 conferre,
510 2506 544 2557 ut
567 2515 609 2557 ex
630 2496 776 2579 utrisque
806 2497 883 2581 quid
903 2499 938 2559 in
964 2494 1084 2558 nostris
1108 2493 1224 2572 minus,

114 2598 232 2681 quidve
256 2599 358 2660 maius
381 2597 554 2661 haberetur
577 2599 760 2682 codicibus,
793 2600 953 2663 curiosius
975 2597 1224 2680 investigarem3

113 2714 147 2765 et
170 2702 246 2782 quid
269 2704 302 2763 in
325 2703 530 2786 septuaginta
562 2723 603 2765 ex
625 2703 767 2768 hebraeo
798 2703 859 2767 sub
890 2705 1048 2767 asterisco
1072 2703 1111 2781 >’<
1136 2699 1225 2764 addi·

113 2813 190 2884 tum,
216 2802 293 2885 qnid
315 2814 539 2885 praenotatum
561 2806 657 2868 obelo
679 2807 718 2886 ἦ
758 2806 832 2888 ρΙοε
861 2807 894 2868 in
916 2807 965 2869 his
989 2825 1083 2888 quam
1105 2805 1138 2865 in
1160 2802 1225 2866 He·

112 2906 286 2969 braeorum
308 2904 525 2969 voluminibus
557 2908 739 2992 baberetur,
770 2908 883 2973 solerti
905 2909 1111 2993 indagatione
1133 2905 1241 2969 colli·>

113 3028 286 3093 gerem...
315 3019 346 3071 et
369 3009 418 3072 bis
442 3009 591 3074 omnibus
614 3011 801 3094 psalterium
824 3024 978 3092 vestrum,
1001 3019 1097 3093 prout
1121 3010 1223 3092 potui,

113 3114 258 3177 correxi:
296 3112 472 3176 asteriscos
502 3115 541 3193 >’<
574 3125 606 3176 et
640 3114 753 3177 obelos
783 3116 821 3192 ἦ
857 3115 926 3177 suis
955 3111 1036 3177 locis
1067 3113 1220 3176 restituta
1315 3167 1319 3172 .

112 3214 213 3300 lgitur
246 3215 334 3299 quod
363 3217 442 3279 citra
472 3216 568 3280 fidem
602 3218 740 3299 exempli
768 3216 920 3280 Hebraici
952 3236 972 3279 a
1000 3214 1092 3278 LXX
1127 3217 1224 3279 omis·

113 3339 184 3382 snm
207 3330 305 3401 esset,
343 3318 375 3380 id
399 3320 556 3383 asterisco
592 3321 697 3383 notari
731 3320 879 3386 solitum:
915 3319 1002 3402 quod
1025 3319 1224 3382 abundanter

112 3422 282 3503 adiectum,
305 3421 410 3484 obelo.
455 3421 558 3502 Quam
581 3425 664 3508 signi
693 3434 898 3504 potestatem,
931 3441 1056 3485 sacram
1085 3423 1224 3504 scriptu·

112 3546 194 3589 ram,
213 3526 282 3587 sine
314 3524 411 3586 dubio
441 3526 638 3607 respicienS,
668 3528 819 3589 universe
850 3524 901 3587 bis
931 3527 1091 3587 enarravit
1122 3522 1223 3586 lsido·

112 3648 169 3692 rus
192 3628 280 3713 Orig.
313 3628 339 3709 l,
372 3629 425 3708 20,
449 3628 486 3690 2:
537 3628 744 3693 „Asteriscus
780 3628 950 3710 apponitur
980 3628 1013 3689 in
1042 3625 1103 3707 bis,
1139 3645 1223 3708 quae

112 3733 230 3796 omissa
265 3742 350 3812 sunt,
387 3742 422 3794 ut
450 3730 640 3794 illucescant
668 3751 729 3812 per
755 3750 828 3792 eam
856 3741 965 3792 notam
1000 3748 1083 3812 quae
1106 3728 1223 3792 deesse

112 3834 289 3897 videntur«
346 3832 447 3896 Etiam
482 3832 608 3915 planius
647 3833 732 3897 idem
766 3834 962 3915 fragmento,
1004 3830 1092 3915 quod
1124 3828 1222 3894 Floro

102 3937 216 4000 ‘Maius
259 3937 423 4001 subiunxit
461 3958 492 4018 p.
525 3936 612 3999 256:
666 3936 890 4019 »Quapropter
930 3935 985 3998 nbi
1024 3935 1058 3996 in
1087 3930 1222 4018 'septua-

111 4041 199 4122 ginta
219 4040 426 4103 translatione
445 4038 565 4122 aliquid
586 4039 784 4121 superfluum
807 4048 867 4119 est,
891 4037 1035 4121 virgulae
1060 4035 1105 4118 -J-
1126 4040 1220 4123 signo

78 4205 81 4209 ,
112 4152 256 4207 notatum
292 4152 359 4223 est,
387 4142 453 4205 ‘ubi
482 4160 561 4204 vero
603 4141 723 4225 aliquid
754 4142 864 4223 deest,
897 4150 933 4203 ut
965 4129 1102 4224 clareat,
1135 4143 1221 4204 aste*

112 4246 188 4309 risci
224 4245 264 4325 >“<
298 4244 460 4329 signatum
481 4255 560 4322 estu
596 4241 717 4313 Eadem
732 4291 735 4296 -
749 4244 818 4314 fere
840 4253 1011 4333 potestate
1043 4244 1219 4320 asteriscus
