2902 4822
763 402 840 481 166

244 615 375 678 censeo,
399 593 485 679 quod
508 594 541 657 in
564 591 681 659 noteris
703 589 909 659 scholiorum
938 593 1033 658 oodd.
1064 593 1200 659 aliorum
1227 594 1356 661 oritioo·

245 721 315 765 rum
345 699 427 762 ratio
456 718 519 761 non
543 697 689 777 habetur,
717 698 851 781 respicit
872 695 1017 762 Philemo
1040 697 1118 762 Lex.
1150 699 1257 765 tsohn.
1281 699 1355 763 989.

244 824 275 886 p.
302 802 380 865 199:
416 797 561 884 Χέρνιβα·
591 796 629 864 τά
658 794 699 872 εἰς
734 798 837 883 χειρὸς
858 800 982 883 νίμματα
1003 797 1196 884 χεόμενα...
1215 796 1356 885 ’Όμηρος

243 902 295 989 μὲν
317 899 452 987 χέρνιβον
474 899 644 986 ἀσυνήθως,
667 899 747 974 ἅπαξ
776 898 868 984 εἶπεν,
897 903 964 987 ήμῑν
986 901 1022 967 δέ
1043 903 1191 988 συνήθως,
1220 902 1256 968 τδ
1279 899 1356 988 χέρ·

242 1031 368 1092 νιπτρον,
387 1006 430 1082 ιίις
449 1013 714 1090 παρασημειοῦνται
735 1004 786 1070 καὶ
802 1006 829 1072 ni
841 1007 970 1088 παλαιοί,
983 1005 1121 1088 τουτέστι,
1143 1007 1178 1072 τὸ
1195 1006 1356 1090 τοδὺηροῦ,

245 1109 435 1176 ὑποδεκτικόν
454 1106 578 1190 ἀγγεῖόν,
602 1104 634 1172 ὃν
647 1105 758 1191 λέβητα
771 1113 870 1176 καλεῖν
893 1108 983 1185 αὐτὸς
1005 1100 1128 1175 εἴωθεν*
1157 1110 1269 1184 ἄλλως
1282 1104 1357 1192 μέν·

242 1237 288 1279 τοι
308 1210 429 1297 χέρνιβα
450 1209 543 1293 λέγειν
566 1212 639 1285 ἔθος
660 1208 743 1296 αὐτῷ
764 1210 798 1276 τὸ
821 1211 897 1277 κατά
919 1221 1029 1297 χειρῶν
1051 1208 1202 1295 διδόμενον
1221 1209 1316 1296 ὕδωρ.
1330 1215 1356 1287 ¹)

244 1314 379 1401 πρόχοος
412 1314 446 1379 δὲ
478 1312 495 1379 ὁ
525 1313 560 1378 τδ
586 1322 714 1379 τοιοῦτον
744 1313 826 1400 ὕδωρ
845 1314 925 1399 χέων
954 1314 1054 1401 λέβης.
1091 1315 1225 1378 Diversa
1260 1313 1356 1398 igitur

245 1422 340 1484 etiarn
363 1419 415 1482 hio
436 1419 601 1502 signorum
616 1419 708 1499 ratio,
733 1439 836 1501 nequo
855 1419 949 1482 ambo
972 1419 1144 1482 abeodem
1164 1417 1280 1480 oritioo
1301 1414 1357 1479 ad·

243 1524 326 1586 iacta
350 1531 435 1600 sunt,
459 1519 718 1604 quandoquidem
740 1521 863 1602 obelus,
887 1543 982 1605 quem
999 1522 1039 1586 ab
1053 1519 1244 1586 Aristarcho
1256 1536 1356 1602 appo·

245 1625 342 1688 situm
364 1623 512 1700 arbitror,
536 1622 576 1684 ad
599 1624 699 1686 totius
718 1643 833 1686 vorsus
853 1619 991 1707 ἀθέτησιν
1013 1623 1189 1706 υρυοιιινίι,
1206 1620 1293 1704 dipla
1314 1618 1356 1687 ud

245 1724 421 1789 notandum
445 1721 524 1796 ἅπαξ
546 1720 704 1808 εἰρημένον.
727 1760 769 1771 -
797 1729 834 1805 Κ,
857 1727 936 1791 378:

399 1825 421 1910 ἥ
441 1848 503 1890 τινα
524 1827 661 1911 συλήσων
682 1826 794 1891 νεκύων
816 1828 1089 1908 κατατεθνειιότων,

243 1932 298 1996 ubi
320 1927 430 1993 Schol.
453 1929 493 1993 A.
531 1929 674 2015 ήδιπλή,
704 1927 747 1995 ὅτι
776 1927 810 1994 ἐκ
831 1939 890 1995 τῶν
924 1927 1025 1994 ἐπάνω
1049 1932 1143 2011 (343)
1176 1925 1240 1994 ὧδε
1262 1924 1356 2014 μετό-

245 2055 337 2098 κειται
358 2032 418 2117 ήδη
442 2029 694 2115 παρεληλυθότων
717 2028 814 2096 αὐτῶν
836 2033 905 2106 τοὺς
926 2033 1064 2117 νεκρούς·
1084 2030 1137 2098 καὶ
1158 2025 1357 2107 ὁὈδυσοιίις

245 2134 385 2209 ἀσύνετος
406 2135 491 2198 ἔσται
510 2131 659 2217 πρόφασιν
681 2132 765 2220 αὐτῷ
785 2137 933 2218 πορίζων·
964 2133 1064 2220 ήθέτει
1092 2131 1143 2200 καὶ
1167 2127 1356 2219 Ἀριστοριί,
1396 2174 1399 2180 ·

244 2261 306 2323 νης.
343 2237 467 2302 Caussa
488 2238 657 2320 utriusque
687 2239 772 2321 signi
798 2248 902 2321 patet:
938 2258 1002 2302 non
1023 2241 1099 2303 item
1122 2236 1196 2322 quis
1227 2248 1358 2319 praetor

245 2341 496 2424 Aristophanem
519 2338 648 2403 obelum
670 2340 834 2423 adiecerit,
858 2343 918 2406 nisi
937 2340 1123 2426 intelligitur
1136 2337 1357 2421 Aristarchus,

246 2455 282 2510 ut
303 2446 427 2529 opinor.
450 2477 492 2489 —·
519 2443 557 2521 X,
579 2442 653 2505 489.
675 2444 748 2506 492.
771 2444 843 2507 494.
865 2445 939 2507 496.

403 2538 537 2609 ἕσσαντ’·
560 2544 646 2608 ἄλλοι
666 2541 722 2628 ηοίρ
746 2545 774 2610 οἱ
795 2543 1022 2629 ἀπουρίσσουσιν
1044 2544 1175 2631 ἀρούρας

404 2644 561 2730 δευόμενος
583 2644 617 2710 δέ
640 2640 663 2709 τ’
687 2646 779 2712 ἀνεισι
798 2646 870 2722 παίς
893 2645 924 2722 ές
945 2647 1059 2733 πατρὸς
1081 2648 1217 2731 ἑταίρους

401 2758 460 2814 τῶν
484 2742 509 2812 δ’
533 2746 716 2832 ἐλεησάντων
739 2749 864 2833 κοτύλην
880 2774 924 2826 τις
942 2751 1046 2817 τυτθὸν
1069 2747 1181 2834 ἐπέσχε
1230 2772 1235 2787 ’
1368 2806 1373 2813 .

400 2855 451 2938 τήν
476 2851 584 2918 δὲκαὶ
606 2850 777 2936 ἀμφιθαλὴς
798 2850 834 2918 ἐκ
856 2855 973 2928 δαίτυος
995 2852 1172 2938 ἐστυφέλιξε

245 2961 347 3026 Totus
369 2959 462 3022 iosus
485 2956 558 3019 inde
580 2976 599 3018 a
622 2977 672 3020 vs.
684 2958 748 3019 487
770 2977 874 3041 usque
897 2959 936 3021 ad
949 2959 1014 3022 499
1033 2959 1218 3022 oritionrunr
1236 2953 1358 3025 iudicio

246 3063 356 3148 piures
379 3061 421 3124 ob
444 3079 599 3140 caussas,
633 3079 715 3141 quas
747 3079 898 3124 enarrare
926 3060 1060 3144 longum
1081 3070 1150 3138 est,
1182 3060 1216 3124 in
1237 3058 1357 3143 spuriis

247 3165 368 3230 relatus
390 3163 530 3245 ideoque
553 3160 648 3224 obelo
670 3164 894 3246 unusquisque
906 3183 1022 3228 versus
1042 3174 1170 3227 notatus
1182 3172 1242 3227 ost.
1276 3159 1356 3225 cnm

249 3287 310 3351 qua
328 3263 467 3349 ἀθετήοει
481 3261 557 3326 nihil
576 3283 745 3328 commune
764 3264 862 3328 habet
877 3265 963 3350 dipla
974 3267 1124 3332 versibus
1142 3265 1204 3330 illis
1219 3274 1357 3349 quatuor

248 3371 407 3453 apposita,
431 3368 523 3431 ouius
548 3386 587 3429 ne
610 3366 721 3432 eadem
739 3370 868 3453 quidem
891 3370 1011 3455 ubique
1034 3370 1115 3432 ratio
1127 3379 1187 3432 est.
1226 3365 1356 3440 onere

248 3473 340 3536 sibus
361 3471 426 3534 489
449 3480 481 3535 et
511 3471 576 3534 492
597 3469 683 3554 dipla
706 3493 765 3536 our
786 3473 909 3536 adiecta
934 3475 986 3556 sit,
1021 3473 1141 3536 diserto
1162 3471 1196 3533 in
1216 3467 1356 3535 Scholiis

247 3593 312 3637 non
335 3573 519 3642 adnotatur:
551 3594 744 3657 quamquam
778 3596 876 3658 quum
897 3575 963 3640 illio
984 3596 1099 3640 vocem
1128 3571 1356 3657 ἀπουρίσσουσιν

246 3677 332 3740 haud
353 3676 480 3758 vulgari
502 3695 564 3757 usu
587 3678 735 3760 positam,
758 3679 810 3741 hin
827 3675 858 3751 t<
873 3679 1062 3743 insolentius
1074 3697 1134 3762 pro
1144 3674 1223 3760 πρὸς
1235 3675 1356 3740 dioturn

247 3778 439 3844 Scholiastis
463 3778 634 3863 designare
656 3781 762 3843 visum
784 3783 836 3862 sit,
860 3781 978 3863 diplam
1001 3779 1184 3865 apponendi
1206 3797 1358 3845 caussam

249 3882 393 3951 divinare
423 3881 515 3962 linet,
549 3881 582 3945 iu
613 3881 701 3965 quod
730 3893 762 3946 et
793 3882 953 3968 Hoynium
975 3884 1070 3948 video
1092 3882 1266 3961 statuisse,
1301 3878 1357 3963 qui

244 4034 266 4043 -
272 4033 533 4042 -ι-*ιω-*ο

303 4115 523 4187 ¹)V031'1100k·
549 4118 583 4172 ad
607 4117 682 4190 Soph
711 4115 781 4172 oea.
809 4118 839 4176 T.
864 4121 916 4176 2⁴0
940 4118 1033 4192 ibique
1058 4119 1150 4174 Schoi.
1180 4116 1221 4173 Do
1247 4116 1356 4174 vasculi

350 4205 549 4276 significatione
567 4203 630 4260 ride
648 4211 739 4259 notata
757 4203 797 4259 nd.
809 4203 878 4276 Phil.
895 4221 922 4276 p.
940 4207 991 4258 201
1010 4211 1037 4259 et
1054 4203 1200 4278 Hoynium.
1269 4249 1274 4258 .
1335 4208 1355 4257 ¹.
