2902 4822
640 421 716 499 311

122 613 194 701 Περὶ
212 611 418 700 Ἑλληνισμοῦ,
448 611 485 688 ς’.
524 607 602 700 Περὶ
624 619 776 698 accepto.
822 611 897 700 Περὶ
916 614 1120 700 nicentius
1162 615 1238 703 Περὶ

120 729 180 787 τῶν
212 715 281 806 παρ’
313 717 440 806 Ὁμήρῳ
468 723 622 802 γλωσσῶν.
669 716 743 804 Περὶ
763 726 817 805 τῆς
845 711 945 795 Ἰάδος
979 717 1153 806 διαλέκτου,
1186 719 1238 789 καὶ

120 834 179 890 τῶν
200 827 321 892 λοιπῶν.
364 824 667 908 locupletissimum
695 827 783 891 hunc
808 822 947 889 indicem
977 844 1043 891 non
1072 845 1113 891 eo
1135 846 1237 895 sensu

122 931 202 1013 dixi,
243 949 309 1014 quo
342 931 447 994 omnia
477 948 561 1014 quac
594 927 709 993 litteris
741 927 942 993 Philoxenus
976 929 1163 997 mandasset
1195 950 1236 997 cn

120 1034 354 1118 comprehensa
385 1054 460 1099 esse
489 1032 724 1119 significarem,
761 1052 869 1116 neque
896 1032 987 1116 quod
1018 1053 1058 1099 co
1091 1034 1238 1120 singulo-

118 1160 190 1204 rum
212 1140 406 1223 scriptorum
435 1148 588 1203 accurata
620 1136 731 1201 notitia
759 1135 996 1220 exhiberetur-5.
1019 1157 1059 1205 ac
1090 1137 1238 1223 pluribus

119 1263 191 1307 cum
224 1243 305 1309 locis
338 1242 487 1307 laborare
513 1251 581 1307 tum
610 1240 822 1324 abundantia,
861 1251 929 1306 tum
963 1242 1091 1327 inopia,
1128 1261 1180 1309 nx-
1194 1242 1236 1313 iis

119 1347 297 1433 colligitur,
328 1365 411 1432 quae
438 1345 577 1417 olimea
600 1345 640 1409 da
671 1365 706 1408 rc
729 1346 926 1429 conscripsi,
961 1345 1015 1411 bic
1036 1345 1099 1419 nisi
1120 1365 1157 1410 rs
1179 1365 1235 1429 0⁰⁹

118 1462 214 1536 gente
238 1471 302 1515 non
324 1449 509 1534 repetenda.
542 1451 595 1515 Ac
618 1449 756 1534 primum
778 1449 867 1534 quod
883 1450 925 1514 ad
945 1469 1116 1531 nnmerum
1133 1451 1236 1535 scrip·

116 1565 223 1620 torum
245 1556 368 1635 attinet,
390 1554 559 1627 addendus
581 1568 642 1637 ast,
666 1551 824 1638 quamde
845 1555 1073 1636 comparativis
1092 1555 1236 1639 scripsit,

117 1668 285 1742 tractatus,
320 1657 427 1744 Etym.
462 1657 506 1725 M.
541 1679 571 1742 p.
604 1658 658 1740 31,
697 1657 734 1721 11
772 1678 803 1720 ν.
839 1653 1050 1740 αἰδοιέστατος,
1085 1669 1120 1725 ct
1147 1658 1236 1745 aiibi,

115 1783 146 1845 p.
173 1762 244 1844 195,
278 1763 329 1827 11.
352 1763 427 1845 227,
449 1763 504 1844 34,
533 1772 821 1827 commemoratus:
854 1759 1014 1839 Φλόξινος
1041 1757 1084 1839 εἰς
1102 1752 1145 1828 Ιτὸ
1159 1763 1263 1851 περὶ.

116 1875 313 1951 σογιιριτικῶν.
356 1866 491 1933 Maioris
524 1866 677 1932 momenti
708 1875 760 1931 est
792 1865 880 1950 quod
909 1866 952 1931 de
981 1868 1235 1955 constringendo

114 1972 309 2054 scriptorum
322 1993 350 2036 ,a
364 1970 466 2037 Suida
487 1970 702 2035 indicaturum
719 1988 854 2035 numano
874 1968 952 2053 dixi,
974 1971 1008 2037 id
1027 1971 1117 2057 quod
1135 1972 1178 2055 ad
1194 1992 1234 2053 aa

114 2074 259 2157 inprimis
282 2076 421 2158 pertinet
443 2095 527 2160 quae
549 2074 591 2140 ds
613 2071 760 2137 dialectis
782 2086 891 2160 agunt
925 2073 1016 2141 Haec
1039 2096 1139 2160 quum
1159 2075 1237 2143 otim

114 2179 211 2243 statui
234 2200 266 2262 p.
280 2179 341 2242 311
366 2181 461 2244 unius
484 2180 594 2263 operis
617 2187 726 2263 pantes
746 2197 832 2262 esse,
855 2178 1011 2265 aquibus
1031 2199 1116 2245 unos
1134 2179 1235 2259 libros

113 2279 182 2368 περὶ
207 2279 403 2368 Ἑλληνισμοῦ
435 2283 596 2349 arcendos
631 2304 707 2349 essa
738 2302 824 2363 nuno
859 2282 966 2368 video,
1002 2304 1047 2361 en¹
1075 2285 1236 2351 sententia

113 2386 207 2470 plana
229 2388 437 2453 confirmatur
459 2387 565 2470 loco„
582 2389 637 2474 qui
659 2399 728 2453 tum
750 2409 802 2453 mc
824 2386 988 2474 fugiebat,
1020 2378 1127 2475 Etynn
1150 2387 1234 2475 (iud.

113 2512 144 2575 p.
167 2491 249 2574 339,
249 2534 254 2543 ·
273 2492 324 2560 13.
347 2512 377 2557 ν.
400 2491 529 2577 κορυφή,
552 2513 618 2578 quc
647 2490 807 2569 Φιλόξενος
840 2489 870 2561 ἐν
896 2499 941 2557 τῶ
969 2488 1038 2578 περὶ
1071 2489 1234 2577 dalmtun

112 2594 272 2678 laudatur,
291 2615 363 2680 quo
373 2596 502 2661 nominc
520 2606 674 2677 tractatus
692 2597 734 2663 de
751 2597 891 2665 dialecto
902 2595 1123 2681 Romanorum
1132 2608 1174 2682 et
1190 2598 1233 2683 dn

113 2698 188 2765 lado
208 2719 273 2763 una
295 2719 370 2765 cum
392 2699 463 2765 aliis
486 2700 707 2767 consimilibus
725 2702 988 2788 comprehensos
999 2700 1234 2789 csseRitscbe·

113 2803 176 2869 lius
198 2822 328 2888 quoque
351 2805 479 2871 censuit
506 2802 557 2868 De
580 2803 701 2871 Orione
723 2826 755 2890 p
778 2808 837 2873 76.
861 2805 958 2871 simul
980 2808 1077 2885 ctiam
1095 2808 1232 2891 probata

113 2906 274 2972 videbitne
303 2909 490 2983 coniectura
507 2927 594 2987 mea
623 2907 699 2987 olim
721 2910 900 2995 proposita,
929 2906 1063 2990 librum
1077 2907 1189 2996 auspi,
1155 2918 1233 2987 τῶν

113 3007 292 3093 statimne,
325 3030 390 3076 non
422 3012 564 3077 indicato
597 3015 754 3079 auctoris-
775 3014 903 3079 nomine
936 2992 1126 3099 Philemoni,
1151 3011 1231 3101 bsx,

112 3116 217 3181 taclm
248 3116 431 3199 laudatum,
463 3137 484 3181 a
513 3115 684 3183 Philoxeni
717 3137 817 3202 opere
851 3116 1027 3200 diversum·
1044 3110 1116 3199 don
1144 3130 1233 3203 asse,

112 3217 194 3284 'lum
216 3221 245 3284 si
266 3222 328 3285 iam
350 3230 449 3304 patet,
471 3220 575 3285 libros
603 3218 671 3306 περὶ
696 3229 749 3307 τῆς
778 3229 839 3287 τῶν
866 3220 1075 3307 Σοροκοᾳσίονν
1106 3217 1231 3303 dulit,-

112 3347 172 3405 τοο,
189 3321 257 3408 περὶ
276 3331 330 3408 τῆς
345 3317 445 3399 Ἰάδος
467 3321 631 3409 διαλέκτου,
651 3323 720 3411 περὶ
739 3334 798 3392 τῶν
814 3323 967 3393 bondeni
987 3320 1141 3409 διιιλᾷιιτοο
1158 3346 1231 3395 δον·-

112 3429 201 3512 ponis
224 3430 320 3493 unius
340 3429 485 3494 membra
506 3428 625 3512 inisse,
649 3431 1013 3514 consectaninmpaene
1036 3429 1164 3495 vidntur
1163 3439 1233 3514 ,nt

111 3529 324 3597 Philoxenum
346 3534 442 3599 etiam
465 3543 591 3599 ceteras
614 3533 771 3599 dialectos
794 3534 942 3620 attigisse
965 3553 1118 3615 censeas:
1127 3531 1230 3619 qnod

111 3634 232 3701 Suidae
255 3635 363 3700 verbis
385 3633 436 3700 καὶ
466 3644 526 3703 τῶν
548 3638 659 3702 λοιπῶν
682 3637 836 3724 indicari,
870 3637 957 3704 haud
984 3637 1068 3703 mala
1091 3636 1231 3707 conscit

110 3738 251 3806 Meierus
270 3739 392 3804 Comm.
412 3740 540 3804 Aodoc
560 3739 614 3824 Vl,
636 3743 666 3807 3
685 3764 716 3827 p
737 3740 804 3826 Vll,
821 3743 884 3808 isto
905 3741 1033 3807 nomine
1053 3760 1120 3807 non
1138 3722 1228 3807 dubi·

110 3854 182 3909 tans
205 3845 282 3929 quin
304 3843 377 3908 libri
399 3843 440 3907 dc
464 3843 595 3927 Dorica,
619 3845 754 3912 Aeolica
776 3856 809 3911 at
827 3849 937 3912 Attica
960 3844 1106 3913 dialectis
1118 3845 1227 3935 signi·

109 3947 256 4014 licentur.
291 3949 341 4012 Ac
362 3947 403 4010 ds
420 3948 581 4013 Aeolica
572 3970 643 4032 ipsc
661 3951 724 4014 iam
741 3951 885 4015 uideram
902 3972 932 4034 p.
945 3949 1020 4032 315,
1043 3949 1225 4036 fragmento

108 4052 310 4134 grammatici
331 4052 444 4116 incerti
468 4053 496 4128 ²)
533 4052 679 4138 adiutus,
717 4053 803 4140 quod
827 4053 1019 4142 vulgaverat
1042 4051 1228 4142 Peyronus

110 4167 320 4179 --—-—....-.
330 4175 397 4183 ...,.,

161 4207 191 4269 2)
210 4200 430 4262 Choerotosmm
456 4222 519 4262 esse
543 4205 673 4261 docemur
701 4209 912 4266 sudationibus
933 4211 995 4267 sins
1019 4227 1092 4267 nnnc
1108 4227 1125 4266 a
1143 4210 1225 4265 (lais-

212 4286 302 4345 iordio
321 4290 401 4351 editis
419 4293 449 4350 Τ.
468 4296 501 4352 lt.
519 4313 546 4368 p.
565 4297 627 4356 tna.
683 4340 686 4345 .
