2902 4822
621 517 625 524 ,
749 430 828 511 310

230 628 412 711 madvertit‚
434 627 572 692 lacobus
584 624 679 690 Eiink
691 624 791 691 Sterk
806 627 837 689 in
850 623 996 711 Symhoi.
1014 622 1216 693 litt.'doctor.
1233 624 1347 693 Batav.

229 732 297 800 vlt.
321 756 353 818 p.
375 733 428 796 21.
471 730 507 795 in
539 732 603 796 hoc
633 734 681 796 rai
711 730 895 796 discrimine
923 730 951 793 si
979 738 1086 794 tamen
1116 730 1163 794 tie·
1190 732 1348 816 temporis

230 837 389 919 articulo,
420 854 487 920 quo
520 834 719 901 Philoxenus
750 836 819 899 iere
849 835 982 917 vixerit,
1017 832 1257 899 diiudicandum
1285 846 1348 921 eet,

231 944 442 1028 acquiescere
474 938 630 1004 debemus
662 940 695 1003 in
728 938 955 1023 probabilitate
989 937 1043 1002 vel
1082 958 1125 1002 cx
1155 941 1349 1007 tenuissimo

229 1042 421 1133 argumento
453 1042 670 1108 conficienda:
704 1042 801 1127 quale
831 1042 912 1107 iliud
940 1054 1001 1124 eet,
1035 1040 1124 1127 quod
1145 1062 1220 1109 cum
1241 1042 1351 1109 Phiio-

231 1142 319 1236 p'oho
334 1148 395 1213 ¹iilo
416 1148 487 1212 sive
508 1145 688 1211 Philoxeno
711 1148 752 1213 ah
774 1148 950 1232 Apollonio
969 1146 1150 1211 Chaercmo
1166 1144 1352 1215 Stoicucct

231 1246 363 1340 Trypho
382 1252 686 1338 grammaticusuna
705 1253 851 1317 eiusdem
864 1252 1030 1316 doctrinae
1045 1254 1353 1319 auctores-excitan-

231 1368 297 1424 tur:
322 1376 460 1442 quorum
483 1375 580 1441 quum
608 1354 694 1420 huno
720 1355 859 1441 Augusti
882 1357 951 1420 fera
972 1355 1353 1439 tenporibus-'uam
1382 1440 1386 1447 Ι

231 1471 370 1544 constet,
392 1460 446 1524 ille
457 1479 580 1543 suppar
592 1460 696 1523 cidem
708 1461 815 1543 putari
827 1460 935 1543 dehet,
949 1460 1209 1545 quandoquidem
1222 1461 1353 1533 Aelium

231 1566 359 1633 Gallum
381 1565 639 1649 perAegyptum
663 1566 867 1649 navigantem
881 1563 1062 1629 Chaeremo
1084 1566 1257 1632 comitatus
1277 1584 1354 1633 cara

232 1669 384 1736 Straboni
407 1668 523 1733 dicitur
546 1667 645 1733 xvlt.
668 1689 701 1752 p.
715 1667 790 1747 806,
814 1677 912 1751 atquc
934 1668 966 1730 in
978 1666 1112 1733 Cornuti
1134 1668 1238 1735 Stoici
1260 1688 1354 1757 praa·

233 1774 422 1857 oaptoribus
446 1783 599 1837 causatur
624 1792 642 1836 a
664 1770 805 1836 Martino
828 1770 878 1836 De
901 1771 1045 1837 Cornuto
1072 1795 1102 1856 p.
1124 1775 1177 1838 at.
1204 1779 1233 1847 Ι)
1268 1774 1355 1859 Quid

231 1875 330 1941 inde?
372 1876 489 1941 Nonne
519 1877 568 1940 fas
598 1877 659 1941 crit
680 1877 844 1941 coniicere
872 1876 906 1938 in
927 1877 1062 1941 eandem
1092 1878 1162 1941 fero
1183 1875 1358 1945 Phiior'reni

234 2000 364 2066 quoque
394 1977 557 2045 aetatem?
603 1978 671 2043 Sed
699 1992 839 2045 tantum:
873 2000 946 2044 nam
978 1990 1011 2045 et
1038 1980 1101 2047 hoc
1129 1983 1166 2046 iu
1183 1981 1255 2047 sola
1277 2000 1357 2047 coar·

231 2086 353 2151 iectura
388 2089 541 2169 positum.
584 2089 637 2151 Ac
670 2084 849 2168 potuissem
882 2085 935 2149 hio
970 2085 1178 2168 disputationi
1207 2084 1250 2149 da
1279 2073 1378 2151 Pha·

232 2189 352 2255 loxeno
380 2190 476 2254 finem
499 2193 681 2275 imponere,
716 2187 790 2253 ideo
822 2189 1026 2255 solummodo
1053 2211 1071 2254 a
1103 2208 1161 2254 mc·
1177 2190 1358 2275 institutam·

236 2293 324 2380 quod
345 2305 569 2378 augumentum
593 2303 622 2370 s.
644 2293 666 2358 3
687 2302 858 2357 tractatum
882 2293 924 2358 de
953 2304 1058 2359 aetate
1079 2294 1175 2360 huius
1196 2306 1357 2381 gum

233 2399 288 2465 tici
311 2400 533 2483 quaestionem
556 2401 688 2485 exigere
716 2398 901 2481 videbatur,
923 2398 986 2462 nisi
1010 2418 1094 2483 quac
1116 2397 1194 2463 olim
1215 2399 1258 2463 dc
1278 2398 1356 2466 Put-

234 2503 355 2568 loxcuo
376 2500 647 2588 conscripseram,
671 2523 709 2568 ea
731 2522 818 2568 nuuc
839 2503 947 2568 multis
966 2503 1150 2568 nominihus
1166 2502 1355 2589 amplificati

234 2617 268 2671 ot
290 2605 345 2671 vel
366 2607 486 2692 corrigi
509 2607 562 2672 vel
589 2609 685 2672 etiam
707 2607 843 2673 stabiliri
873 2626 974 2692 posse
994 2606 1227 2673 intellexissem
1235 2604 1251 2673 a·
1275 2626 1357 2695 ow

235 2730 307 2775 rum
337 2729 487 2775 curarum
525 2712 742 2777 secundarum
771 2733 868 2797 quum
900 2715 962 2777 iam
992 2710 1169 2797 specimina
1201 2710 1357 2789 acunila

234 2814 393 2900 adiungo,
428 2833 539 2883 corum
572 2835 656 2901 quae
689 2815 886 2881 Schmidtius
919 2815 983 2881 hh
1012 2817 1053 2881 ad
1083 2812 1230 2882 eandam·
1245 2814 1358 2887 lm

232 2916 457 2984 illustrandum
475 2919 597 3004 attulit,
621 2920 705 2985 hano
723 2919 819 2985 hahui
837 2923 1012 3005 rationem,
1031 2931 1068 2986 ut
1082 2920 1358 3005 occupata-intua

236 3041 360 3106 cerem,
390 3024 423 3087 in
449 3026 566 3090 ceteris
588 3044 668 3089 vero
695 3027 779 3089 viam
804 3046 875 3090 eam
905 3046 1073 3111 sequerer,
1102 3045 1200 3111 quam
1231 3023 1357 3110 ahaua

235 3128 328 3192 anuis
343 3139 418 3193 ante
435 3129 598 3217 vulgatam
617 3127 784 3194 Schmidtii
802 3130 1050 3215 disputationem
1068 3131 1237 3219 ingressus
1256 3148 1356 3195 crau·
1422 3188 1427 3201 .

323 3230 495 3297 Ordiamur
516 3235 557 3298 ah
579 3233 686 3299 indico
708 3235 904 3317 scriptorum
919 3234 1188 3318 locupletissimo,
1210 3234 1262 3301 his
1282 3230 1358 3299 Sui·

236 3335 298 3399 dac
329 3345 498 3402 contento:
534 3336 693 3413 Φιλόξενος
720 3332 937 3422 Ἀλεξανδρεὺς
968 3337 1185 3425 γραμματικός·
1218 3334 1255 3413 ὃς
1281 3334 1358 3405 ὒωέ

236 3441 374 3525 piorum
396 3438 426 3508 ἐν
445 3438 556 3528 Ῥώμῃ.
591 3440 665 3527 Περὶ
692 3439 921 3528 percutiatur
948 3438 1098 3528 ῥημάτων.
1131 3441 1205 3529 Περὶ
1225 3440 1359 3528 σημείων

234 3553 294 3610 τῶν
317 3539 478 3611 ἰνἸλιᾶὀι.
512 3543 586 3631 Περὶ
607 3554 665 3612 τῶν
688 3544 730 3622 εἰς
751 3571 783 3633 μι
800 3544 949 3630 ληγόντων
971 3543 1119 3633 ῥημάτων.
1155 3545 1229 3633 Περὶ
1245 3544 1359 3613 hathu-

236 3648 369 3735 οωομοό.
414 3648 486 3736 Περὶ
519 3648 643 3737 μέτρων.
683 3648 756 3736 Περὶ
781 3658 836 3738 τῆς
860 3659 920 3717 τῶν
954 3652 1164 3738 Συρακουσίων
1193 3648 1360 3721 διαλίποι.

291 3858 318 3930 1)
337 3861 464 3917 conferri
484 3861 518 3915 de
537 3860 590 3914 hoc
616 3860 752 3931 scriptore
771 3857 939 3914 Schmidtius
961 3858 1037 3915 iuhct
1062 3858 1180 3915 Bartsch
1204 3858 1248 3915 Dc
1267 3859 1360 3917 um

341 3966 453 4006 remono
471 3968 498 4021 p.
516 3951 532 4001 {a
551 3955 580 4002 et
596 3945 749 4003 Westerm.
767 3945 801 3999 ad
821 3945 901 4001 Voss.
920 3946 993 4001 Hist.
1009 3946 1049 4001 Gr
1076 3964 1103 4020 p.
1122 3950 1182 4001 2⁰0.
1212 3946 1360 4011 Addam

343 4040 434 4094 locum
461 4033 711 4091 aWestarmauuo
736 4040 813 4089 certe
836 4050 890 4087 uon
917 4034 1056 4089 laudatum
1081 4034 1199 4091 emmae
1221 4034 1361 4109 ladiropl.

344 4145 372 4200 p.
390 4128 452 4180 aar.
482 4120 515 4178 D.
533 4118 710 4189 hiontesaic.,
741 4139 775 4176 cx
803 4138 858 4193 quo
885 4121 1100 4177 chaeremonem
1124 4128 1199 4195 patet
1222 4123 1252 4176 in
1279 4112 1361 4177 litanti

268 4278 271 4283 1
344 4229 414 4287 quos
430 4210 596 4280 conscripsit
613 4224 706 4264 rerum
724 4208 957 4283 Aegyptiacarum
981 4210 1052 4264 intcr
1074 4208 1130 4264 alia
1141 4210 1233 4265 etiam
1251 4206 1362 4285 hhoy'sia

235 4340 238 4344 -
344 4306 373 4356 ct
390 4298 470 4355 exodi
489 4298 653 4357 montionem
671 4297 783 4355 secisse.
1274 4308 1278 4327 ²
1330 4320 1334 4327 ·
