2902 4822
616 487 625 502 .
700 429 751 501 34

71 692 73 696 ,
164 618 369 684 Scholiorum
390 620 423 681 in
444 615 583 680 'lliadem
614 617 727 681 codice
749 619 887 700 posthac
909 601 1165 684 celebratissimi
1187 638 1296 708 prae-n

164 724 250 785 viam
272 722 417 784 notitiam
440 720 584 802 dederat,
607 721 640 785 10
659 719 748 783 110110
762 720 900 804 primum
918 739 937 783 a
953 719 1135 787 Villoisono
1148 722 1279 811 Prolcg.

164 826 205 889 ad
223 825 317 889 Hom.
341 823 412 888 sub.
431 821 562 886 calcem.
597 821 706 903 Quare
723 822 896 886 libelluma
914 821 1069 887 Bekkero
1082 827 1115 888 in
1132 824 1281 892 Scholio-

165 948 237 991 rum
253 925 454 990 Venetorum
473 926 614 989 editione
635 926 791 989 omissum
810 935 944 1009 propter
961 930 1142 1011 argumenti
1160 949 1281 1014 cognu-

164 1032 284 1092 tionem
324 1029 476 1111 intimam,
516 1049 600 1111 quae
631 1028 661 1090 01
691 1047 765 1091 eum
805 1027 951 1093 Romano
988 1031 1169 1114 intercedit,
1204 1032 1280 1097 huic

166 1131 399 1196 subiiciendum
428 1130 597 1213 lectorum,
629 1150 728 1214 saepe
751 1130 792 1194 ad
816 1151 889 1193 eum
918 1132 1168 1216 evocandorum,
1192 1153 1279 1198 com·

165 1235 262 1300 modo
286 1233 493 1298 consulturus
517 1235 637 1299 curavi.
682 1233 837 1316 Bipartita
867 1234 937 1297 eius
960 1235 1042 1297 ratio
1065 1245 1126 1317 est,
1159 1237 1281 1320 quippe

165 1360 184 1403 a
205 1339 337 1402 librario
360 1356 401 1400 ex
423 1338 572 1417 vetustis,
596 1347 631 1400 ut
654 1337 708 1417 ait,
732 1334 899 1401 codicibus
923 1337 1050 1402 duobus
1078 1339 1280 1422 transcriptit

166 1429 271 1527 neque
298 1439 444 1506 solorum
476 1439 760 1520 Aristarchiorum,
796 1439 854 1502 sed
886 1440 1052 1523 signorum
1080 1442 1279 1524 quorumvis,

166 1565 249 1630 quae
270 1546 306 1607 in
326 1542 460 1608 Homeri
482 1540 720 1624 exemplaribus
747 1542 911 1625 adscripta
939 1544 1151 1626 reperiantur,
1183 1543 1280 1630 sylla·

164 1649 241 1712 bum
265 1647 424 1725 continet,
448 1645 571 1707 recenti
593 1642 722 1728 quidem
745 1654 891 1728 tempore
914 1647 1118 1728 confectum,
1156 1647 1218 1711 sed
1239 1667 1281 1712 ex

165 1753 255 1815 fonte
277 1749 356 1812 satis
379 1748 522 1830 antiquo,
554 1758 588 1809 ut
610 1748 717 1829 ipsum
740 1758 964 1831 argumentum
995 1748 1107 1832 docet,
1138 1749 1280 1816 ductum.
1308 1832 1312 1839 ,

121 1899 122 1904 η
167 1853 321 1918 Codicem
344 1870 430 1914 saec.
450 1847 528 1912 XlV
546 1851 701 1933 scriptum
717 1850 815 1914 refert
836 1850 1099 1917 Siebeukeesius.
1129 1851 1281 1918 Ceterum

102 1961 105 1972 ⁵
167 1976 265 2040 quum
282 1972 392 2038 perse
411 1961 529 2036 pateat,
550 1972 633 2037 quae
646 1962 784 2036 utroque
801 1953 915 2017 codice
927 1955 1114 2038 doceantur,
1136 1957 1223 2020 inter
1243 1976 1282 2022 00

104 2085 107 2088 ’
166 2056 369 2143 segreganda
399 2076 484 2138 csse,
517 2066 552 2118 ut
576 2076 711 2139 quorum
745 2058 883 2140 quisque
914 2057 1111 2142 singularem
1134 2058 1281 2124 diverso-

164 2183 237 2226 rum
258 2172 438 2243 temporum
467 2159 734 2222 consuetudinem
762 2159 894 2223 notandi
915 2161 1050 2244 prodat,
1086 2181 1170 2245 quae
1192 2163 1281 2226 00111-

166 2267 283 2329 bentur
305 2264 424 2347 priore,
449 2281 487 2324 ea
509 2261 609 2324 multo
632 2263 847 2325 recentiorem
869 2261 970 2326 altero
989 2265 1171 2345 posteriore
1185 2283 1281 2328 usum
1335 2301 1338 2306 ,

166 2379 324 2453 spectare,
349 2386 391 2429 ex
412 2364 515 2448 figura
539 2364 668 2447 obliqua
691 2364 817 2428 litterae
841 2389 877 2445 ω,
911 2386 972 2448 qua
996 2377 1161 2431 auctorem
1183 2387 1279 2430 usum

166 2492 240 2536 esse
259 2471 300 2534 ad
317 2489 391 2532 eum
406 2464 514 2528 locum
532 2468 651 2547 notavi,
682 2469 887 2550 perspicitur,
911 2469 1071 2552 siquidem
1097 2470 1132 2532 id
1150 2471 1279 2553 signum

167 2575 222 2657 qui
241 2575 364 2656 primus
380 2569 499 2650 posuit,
523 2588 563 2630 ex
585 2567 691 2631 littera
711 2593 736 2632 ω
756 2579 875 2633 mutata
897 2589 1012 2634 revera
1026 2572 1125 2635 linxit.
1158 2569 1280 2657 Vulga-

168 2695 237 2738 rem
261 2675 401 2738 enimin
424 2692 519 2736 usum
540 2672 595 2736 illa
617 2671 741 2735 litterae
771 2673 873 2736 forma
897 2675 1030 2738 saeculo
1053 2685 1127 2738 ante
1149 2673 1225 2738 Chr.
1247 2693 1279 2736 0.

167 2779 257 2859 prius
269 2777 400 2840 venisse
414 2795 478 2839 000
494 2773 633 2856 videtur,
647 2796 677 2838 v.
693 2772 954 2839 Winckelmanni
969 2777 1053 2861 Opp.
1070 2776 1107 2840 Τ.
1121 2776 1158 2840 ll.
1172 2797 1204 2860 p.
1215 2777 1280 2841 832

167 2890 198 2943 et
221 2879 257 2943 Τ.
277 2879 331 2963 Vl,
357 2881 383 2942 1.
407 2900 437 2962 p.
460 2879 531 2942 165.
576 2876 710 2941 Eckhel.
733 2876 844 2941 Doctr.
867 2898 953 2941 num.
976 2877 1012 2943 Τ.
1035 2880 1057 2943 1.
1081 2901 1112 2963 p.
1130 2878 1199 2943 ClV
1215 2879 1280 2942 for·

167 3000 250 3044 mam
272 2991 369 3044 vocat
387 3002 453 3045 000
466 2981 639 3046 admodum
660 2990 832 3062 vetustam,
855 2982 961 3044 serius
977 2982 1010 3044 in
1021 2984 1126 3046 numis
1139 2983 1280 3046 obviam.

166 3085 218 3147 Ae
240 3086 415 3148 novitatem
432 3087 503 3168 ipsa
514 3086 585 3148 eius
598 3085 721 3146 formae
736 3083 829 3167 origo
846 3084 985 3166 prodere
999 3085 1135 3168 videtur,
1159 3087 1280 3170 quippe

168 3186 345 3267 ducendae,
369 3196 405 3250 ut
427 3188 553 3269 opinor,
577 3206 596 3249 a
617 3187 764 3249 iunctura
787 3186 910 3250 vocalis
923 3185 962 3267 0,
986 3187 1041 3250 ubi
1061 3187 1158 3272 longa
1180 3195 1280 3270 esset,

167 3288 337 3370 dupliciter
359 3290 510 3371 scriptae.
543 3287 670 3352 Etenim
692 3289 840 3372 primitus
864 3307 903 3352 00
924 3288 1047 3353 vocalis
1070 3289 1156 3353 nulla
1179 3310 1281 3375 quan·

167 3391 265 3455 titatis
288 3392 412 3454 ratione
433 3391 542 3464 habita
559 3399 609 3473 O,
633 3401 700 3455 tum
722 3391 921 3473 procedente
944 3401 1100 3475 tempore,
1124 3393 1217 3457 cuius
1239 3391 1281 3456 de

167 3492 303 3557 articulo
326 3514 412 3558 nunc
434 3513 500 3557 uon
522 3514 655 3577 quaero,
690 3495 812 3578 signari
832 3494 923 3557 vario
946 3492 1043 3558 modo
1072 3504 1189 3577 coepta
1217 3503 1279 3578 est,

166 3594 275 3659 addito
305 3596 414 3680 aliquo
448 3598 552 3681 apice,
586 3617 650 3682 quo
673 3597 771 3682 longa
793 3617 813 3660 0
835 3595 926 3658 brevi
948 3595 1072 3661 vocalis
1103 3598 1281 3682 distingue·

166 3709 265 3762 retur.
319 3699 431 3783 ltaque
461 3703 545 3764 imae
579 3700 681 3764 lineae
714 3699 826 3764 circuli
848 3699 902 3761 vel
934 3709 1059 3782 rectus,
1094 3700 1148 3763 vel
1170 3720 1280 3764 recur-

165 3819 226 3864 vus
246 3821 330 3883 apex
352 3803 497 3867 adiectus
521 3814 582 3884 est,
605 3803 691 3867 unde
707 3803 828 3865 formae
847 3801 1036 3883 prodierunt
1064 3802 1097 3899 φ
1123 3811 1155 3864 01
1178 3800 1226 3895 Q,
1247 3803 1281 3864 in

166 3905 271 3968 numis
294 3904 472 3970 Acmoniae
495 3914 527 3969 et
555 3903 711 3987 Neapolis
741 3903 866 3969 obviae.
911 3901 951 3966 V.
979 3902 1108 3968 Rasche
1131 3903 1209 3967 Lex.
1232 3903 1280 3967 rei

166 4027 250 4071 num.
284 4005 321 4070 Τ.
344 4005 399 4089 Vl,
425 4009 453 4072 1.
487 4030 519 4092 p.
543 4008 628 4072 1435
659 4016 692 4072 et
723 4007 817 4070 1436.
845 4010 871 4082 1)
905 4006 994 4070 Ηο00
1017 4025 1097 4070 vero
1127 4007 1161 4069 10
1190 4004 1281 4091 vulgi

219 4181 248 4239 1)
269 4177 366 4228 :iliona
391 4175 424 4228 ab
443 4175 576 4230 hocloco
603 4175 779 4245 triangularis
801 4173 887 4231 forma
913 4185 939 4231 V
968 4174 1014 4229 vel
1034 4186 1075 4240 Δ,
1101 4191 1176 4247 quae
1199 4175 1279 4228 novi-

269 4266 322 4316 tiae
347 4262 445 4314 aetatis
471 4272 519 4314 est.
574 4254 705 4332 Exempla
731 4261 832 4314 dubunt
859 4260 969 4314 Rasclrc
997 4261 1015 4314 1.
1043 4260 1061 4313 1.
1087 4267 1114 4314 01
1141 4259 1279 4313 (lerenius
