2902 4822
748 442 828 524 260

231 634 436 703 instituendis
447 636 602 721 vaoarint,
622 644 690 702 tum
704 639 834 724 scriptis
854 638 1000 725 singulos
1020 637 1112 706 looos
1124 650 1347 709 trsotarsten·

230 750 348 828 amnt,
372 741 545 829 dequibus
561 741 716 826 disseruit·
726 742 830 810 lehre
841 740 935 808 Stnd.
949 742 1127 811 Aristaroh.
1141 766 1173 831 p.
1185 746 1238 813 43.
1249 766 1316 833 σοι·

730 908 760 977 ς.
788 901 843 970 79.

314 1028 367 1099 lte
387 1023 532 1087 nomino
552 1024 688 1087 Iliadis
709 1016 768 1107 ἀφ’
787 1018 993 1103 Ἑλικῶνος
1016 984 1244 1103 appellatae.
1332 1010 1352 1093 s

310 1161 346 1228 ln
367 1163 430 1229 lrao
450 1162 548 1250 igitur
569 1160 832 1246 Homerioorum,
867 1179 1005 1248 quorum
1027 1180 1089 1227 suo
1117 1163 1262 1249 quidque
1281 1184 1342 1230 no·

224 1268 311 1335 mine
332 1269 386 1334 vel
408 1267 449 1333 ab
470 1277 616 1351 auctore,
639 1266 693 1332 vel
715 1288 734 1333 a
756 1267 831 1333 loco
852 1266 907 1332 vel
926 1288 944 1332 a
961 1288 998 1332 re
1014 1264 1163 1353 quapiam
1182 1270 1340 1356 singulari

211 1370 322 1445 ducto
354 1372 530 1458 antiquitus
564 1370 797 1454 celebraretur,
832 1371 1063 1455 exemplarium
1095 1373 1189 1457 eopia
1221 1374 1338 1437 merito

221 1477 402 1543 mirandum
432 1486 493 1562 est,
523 1477 606 1543 haee
634 1478 718 1540 inter
747 1476 818 1540 eius
847 1473 966 1557 Iliadis,
996 1494 1080 1559 quae
1102 1467 1154 1558 ἀφ’
1174 1470 1338 1551 Ἑλικῶνος

222 1581 383 1669 appellata
413 1580 540 1667 dieitur,
572 1583 767 1647 mentionem
797 1577 867 1643 fieri
895 1577 1032 1642 nullam:
1068 1578 1161 1643 ouius
1183 1578 1242 1669 rei,
1272 1580 1336 1645 nisi

221 1689 312 1753 oasui
342 1686 548 1752 tribuendum
581 1696 650 1770 est,
686 1704 835 1751 caussam
865 1703 927 1770 ego
961 1683 1090 1769 quidem
1119 1683 1207 1750 haud
1224 1685 1334 1755 ,video

218 1789 331 1873 allam,
355 1810 452 1875 quum
474 1790 581 1875 quod,
603 1799 640 1854 ut
661 1789 791 1873 antiqua
813 1785 869 1852 illa
890 1786 1065 1853 diorthosr's
1088 1784 1252 1871 Euripidis
1274 1809 1334 1873 per

217 1893 288 1959 sola
311 1891 433 1959 Suidae
464 1904 497 1958 et
530 1892 690 1958 Eustathii
719 1894 901 1958 testimonia
931 1890 973 1956 ad
1002 1900 1146 1956 nostram
1174 1893 1332 1978 oognitio·

215 2006 290 2063 nem
318 1996 461 2084 perlata,
484 1997 526 2062 ab
550 1996 775 2063 Alexandrinis
801 1997 844 2061 ob
860 2004 1055 2061 vetustatem
1071 1993 1230 2081 neglecta
1254 2016 1331 2063 esso

214 2092 353 2196 videtur,
382 2104 427 2168 ita
450 2103 545 2191 etiam
567 2100 651 2168 illa
641 2124 675 2166 ιιι
698 2100 855 2166 obsoletis
878 2099 1010 2164 Homeri
1032 2098 1189 2184 exemplis
1209 2098 1328 2187 habita,

213 2207 369 2283 oblivioni
390 2206 523 2283 tradita
530 2205 600 2271 luit.
643 2205 756 2291 ltaque
778 2205 819 2269 do
841 2205 970 2269 fortuna
982 2203 1138 2289 benigna,
1161 2225 1224 2291 qua
1242 2204 1329 2271 illius

210 2312 364 2377 memoria
387 2320 517 2376 servata
540 2319 610 2394 est,
645 2326 757 2394 quum
766 2327 963 2395 magnopere
984 2308 1079 2373 nohis
1101 2307 1326 2394 gratulandum

210 2416 262 2500 sit,
287 2435 371 2501 quae
400 2425 433 2479 et
456 2413 562 2500 qualis
583 2432 623 2478 ea
644 2413 741 2478 luerit
768 2415 936 2499 quaerenti
966 2413 1037 2497 ipsa
1059 2413 1130 2477 eius
1150 2411 1324 2496 appellatio

208 2520 312 2604 primo
336 2539 411 2585 sese
434 2517 539 2600 offert,
560 2518 594 2581 iu
617 2537 713 2602 quam
735 2515 958 2582 illustrandam
980 2528 1055 2581 ante
1075 2517 1183 2583 omnia
1200 2517 1324 2605 inunm-

207 2621 347 2687 bendum
371 2631 431 2686 est.
475 2619 591 2705 Neque
620 2620 653 2682 in
684 2621 808 2706 origine
838 2623 909 2686 eius
937 2622 1160 2709 investiganda
1191 2620 1321 2707 lougius

206 2724 450 2807 discedendum,
473 2741 572 2808 quum
592 2722 688 2791 huius
705 2723 813 2791 Iliadis
834 2726 942 2808 ipsum
961 2726 1085 2797 initium
1096 2724 1320 2811 appellationis

206 2848 357 2897 caussam
379 2838 502 2913 aperte,
534 2837 571 2893 ut
593 2829 720 2912 opinor,
755 2827 881 2914 prodat
925 2828 1054 2913 Duplex
1077 2830 1205 2916 quidem
1228 2830 1319 2893 novi·

204 2953 278 3001 mus
300 2932 480 3000 seeundum
502 2932 635 2997 testium-
653 2932 819 2997 rariorum
840 2933 1064 2998 auctoritatem
1087 2934 1232 2999 eiusdem
1247 2932 1318 2997 llia·

204 3036 255 3104 dis
277 3038 413 3122 initium,
436 3037 507 3102 sivo
525 3038 738 3122 prooemium,
761 3038 794 3102 in
812 3057 854 3104 eo
871 3048 979 3104 tamen
996 3041 1205 3127 conveniens,
1229 3039 1316 3127 quod

201 3143 236 3209 in
257 3154 398 3228 utroquo
418 3141 532 3208 Musae
553 3143 763 3229 invocantur,

298 3332 384 3422 ¹pudor,
399 3345 433 3408 ὥς
446 3346 547 3423 οὐδεμία
565 3348 698 3428 εὑρίσκεται
703 3345 767 3425 'qu
781 3351 806 3406 ιι
819 3358 869 3413 τοῖς
881 3352 978 3425 dolote,
993 3355 1028 3410 de
1040 3371 1094 3430 quo
1106 3372 1191 3413 versu
1202 3357 1315 3413 aliunde

305 3455 342 3495 ex
358 3459 389 3508 ο,
406 3440 459 3494 385
476 3440 581 3497 adscito
598 3459 625 3497 v.
642 3441 745 3515 lleynii
763 3441 868 3499 Obsl'.
887 3442 935 3500 ιιι.
953 3462 979 3516 p.
997 3447 1057 3502 433.
1094 3446 1224 3501 Ceterum
1244 3445 1313 3509 nihil

302 3525 496 3598 eorumquae
513 3526 674 3583 Eustatlrius
691 3529 832 3596 relert,rn
850 3530 986 3587 Scholiis:
1010 3532 1083 3588 unde
1107 3534 1247 3588 aestimari
1264 3550 1312 3606 po·

301 3617 364 3675 test,
389 3612 419 3665 iu
446 3610 499 3666 heo
523 3604 686 3668 eruditionis
711 3617 839 3688 antiquae
865 3619 953 3690 copia,
978 3636 1059 3692 quam
1082 3627 1203 3693 praestat
1221 3618 1311 3675 Solio·
1407 3636 1413 3649 ·

303 3697 434 3751 liorum
426 3699 553 3768 rnprimis
574 3697 743 3754 Venetorum
765 3718 875 3777 corpus,
901 3714 1029 3776 quantum
1058 3724 1155 3762 eorum
1180 3709 1311 3762 amissum

302 3786 347 3851 sit,
365 3801 436 3859 quae
454 3786 602 3858 antiquitus
619 3786 654 3842 ad
672 3788 756 3842 crisin
769 3786 944 3846 Homericam
963 3796 1116 3866 excogitata
1132 3802 1160 3850 et
1176 3794 1310 3852 Eustathii

301 3873 441 3927 etiamtum
454 3880 544 3930 aetate
562 3876 591 3931 in
608 3883 735 3948 promptu
752 3876 862 3944 luerint,
896 3878 1031 3936 Editiouis
1047 3880 1082 3936 ab
1095 3880 1225 3956 Euripide
1242 3899 1310 3956 pro-

299 3967 413 4016 curatae
436 3976 520 4034 quum
545 3961 622 4019 alind
651 3962 736 4017 ullum
762 3967 945 4020 testimonium
973 3985 1108 4045 nusquam
1140 3971 1309 4043 investigare

298 4049 457 4119 contigerit,
484 4053 545 4105 eius
568 4055 727 4108 memoriam
750 4051 908 4111 Eustatlriur
936 4058 981 4112 cui
1005 4065 1147 4132 acceptam
1174 4059 1307 4128 retulerit,

299 4152 403 4210 operae
428 4138 546 4211 pretium
568 4138 711 4197 rideretur
738 4145 909 4216 perquirere.
944 4145 989 4200 Ao
1011 4147 1113 4204 vollem
1132 4147 1239 4205 tandem
1257 4149 1306 4205 nli·

298 4222 362 4297 quis
380 4222 410 4277 in
426 4239 459 4279 se
476 4225 634 4301 susciperet
651 4244 759 4296 munus,
776 4228 876 4300 fontes,
892 4232 992 4307 quibus
1009 4234 1169 4295 Eustatlrius
1191 4237 1221 4297 ln
1237 4253 1306 4294 οοιι-

276 4304 453 4367 'scribundis
469 4315 674 4377 commentariis
691 4318 752 4375 suis
768 4332 835 4377 aare
851 4320 897 4388 sit.
914 4322 1039 4385 rimandi.
1209 4322 1216 4333 '
