2902 4822
775 442 861 523 130Ι

255 639 387 706 Scholia
405 636 627 723 epitomatoris
649 635 757 702 studio
777 635 944 701 brevitatis
962 637 1101 721 quodam
1113 638 1234 722 passim
1246 635 1369 721 diplam

254 768 367 833 puram
391 766 450 830 pro
464 753 614 829 punctata
635 744 809 808 exhibitam
824 743 1031 826 deprehendi,
1055 742 1087 806 id
1107 743 1194 828 quod
1208 742 1368 827 exemplis

254 853 335 916 infra
353 849 552 934 apponendis
575 858 727 912 testatum
740 848 896 911 dabimus.
931 847 1060 910 luterim
1072 848 1170 912 adeas
1183 868 1266 933 quae
1279 866 1367 912 corn·

253 959 363 1045 posuit
386 956 547 1040 Pluygers
570 976 601 1037 p.
624 955 663 1036 5,
687 955 741 1038 qui
763 952 918 1036 numquid
942 952 1135 1018 discriminis
1153 956 1185 1017 in
1197 955 1367 1039 utriusque

256 1061 339 1145 signi
362 1079 424 1122 usu
445 1059 478 1121 in
501 1055 642 1121 Scholiis
665 1055 705 1120 A.
730 1065 818 1120 essct
841 1056 960 1119 frustra
983 1075 1020 1118 se
1044 1056 1212 1139 quaesisse
1235 1055 1366 1119 tandem

256 1164 438 1248 professus,
470 1181 556 1224 nunc
588 1162 620 1223 in
654 1179 816 1224 consensu
845 1159 975 1221 testium
1008 1159 1291 1242 grammaticorum
1325 1158 1367 1222 de

256 1269 393 1350 ratione,
425 1285 489 1349 qna
511 1264 688 1329 Zenodotia
710 1265 807 1328 lectio
831 1263 871 1326 ab
894 1262 1085 1327 Aristarcho
1108 1272 1217 1327 notata
1239 1274 1301 1346 est,
1324 1283 1366 1328 eo
1430 1254 1436 1267 ’

255 1369 470 1439 confidentius
496 1369 575 1431 stari
606 1387 707 1451 posse
739 1365 911 1447 concedet,
944 1385 1009 1449 quo
1037 1366 1162 1431 facilius
1191 1365 1366 1457 abususa

255 1479 307 1538 me
329 1473 431 1537 notati
454 1473 547 1555 origo
570 1492 588 1534 a
608 1471 801 1554 negligentia
819 1469 873 1532 illa
891 1468 1092 1534 librariorum
1111 1454 1277 1554 singulari,
1298 1490 1365 1555 qua

254 1575 400 1639 codicem
433 1572 593 1635 Venetum
626 1583 791 1635 exaratum
824 1593 923 1654 supra
946 1574 1165 1656 probavimus,
1199 1574 1364 1657 repetitur.

252 1680 419 1745 Addamus
453 1678 506 1741 hic
536 1677 645 1740 statim
676 1678 709 1739 in
734 1675 845 1740 Schol.
876 1677 917 1739 ad
940 1676 1057 1762 Odyss
1089 1677 1117 1757 β,
1140 1678 1184 1740 89
1220 1697 1261 1740 ex
1290 1677 1365 1743 cod.

249 1782 338 1848 Harl.
372 1781 459 1865 apud
483 1780 668 1845 Cramerum
697 1781 821 1847 Anecd.
844 1780 917 1846 Par.
952 1781 1062 1847 Τ.111.
1098 1803 1130 1864 p.
1164 1783 1230 1845 429
1262 1803 1362 1871 supra

251 1893 280 1958 8.
293 1885 382 1967 34st
403 1884 563 1967 producto
586 1903 626 1947 eo
650 1885 847 1967 probabilius
868 1885 986 1968 diplam
1008 1895 1194 1968 punctatam
1216 1886 1363 1972 intelligi,

250 2008 315 2074 quo
339 1989 459 2052 certius
482 1998 532 2051 est
559 1988 669 2053 verbis
691 1987 764 2062 τινὲς
791 1991 985 2073 μετεποίησαν
1018 1990 1219 2054 Zenodotum
1242 1991 1364 2075 signili·

248 2096 323 2159 cari.
363 2091 531 2168 ,Ceterum
563 2113 638 2175 unc,
673 2115 767 2178 quem
801 2096 959 2177 sciamus,
998 2093 1072 2159 loco
1105 2095 1314 2161 Aristarchus
1342 2116 1361 2159 a

248 2206 405 2287 consueta
435 2195 583 2278 signandi
620 2197 745 2259 ratione
785 2197 953 2278 discessit,
995 2218 1108 2280 puram
1147 2197 1267 2281 diplam
1299 2218 1362 2281 pro

246 2308 398 2382 punctata
426 2298 459 2361 in
488 2296 692 2363 Zenodotum
713 2300 916 2382 apponendo,
942 2311 1025 2364 teste
1046 2313 1181 2365 auctore
1202 2320 1361 2385 apospaa-

246 2405 343 2485 matii,
366 2402 397 2466 in
421 2404 494 2468 cod.
516 2402 641 2468 Veneto
665 2405 808 2485 exhibiti,
842 2425 873 2486 p.
904 2403 956 2469 111.
978 2405 1029 2467 ed.
1064 2404 1185 2470 belh:
1219 2404 1262 2468 de
1280 2422 1360 2491 ,quo

244 2504 320 2568 loco
341 2525 372 2568 v.
397 2511 426 2578 s.
449 2506 487 2588 6,
517 2505 573 2568 ubi
595 2505 691 2569 simul
712 2507 782 2569 eius
809 2505 856 2568 rei
878 2506 1052 2590 singularis
1087 2527 1236 2571 caussam
1269 2505 1360 2577 inda·

245 2629 325 2693 gare
353 2609 472 2685 studui.
507 2609 589 2672 Nam
612 2610 697 2673 idem
722 2620 835 2674 auctor
862 2609 967 2692 diplae
990 2619 1161 2692 punctetaa
1183 2599 1289 2674 'usum
1319 2630 1363 2675 ex

246 2713 481 2778 consuetudine
504 2713 684 2778 Aristarchi
707 2715 740 2777 in
762 2713 932 2778 tractando
962 2714 1131 2778 Zenodotc
1164 2713 1375 2797 paulopost

245 2817 408 2883 adseruit:
431 2817 509 2902 πρὸς
531 2816 582 2900 μὲν
605 2818 642 2901 δὴ
666 2815 828 2901 Ζηνόδοτον
851 2814 943 2902 adro*
965 2817 1184 2896 (Aristarcho)
1214 2813 1361 2902 ἡπαρά.

245 2926 329 2999 beot<
350 2933 403 3010 τῆς
424 2919 659 3009 περιεστιγμένης
690 2925 795 3008 διπλῆς
824 2920 900 3006 πρὸς
930 2918 1056 3005 durior-p
1079 2920 1193 3006 γραφὴν
1216 2917 1359 3006 ἀκριβέσ-

245 3048 328 3111 τερον
350 3032 515 3111 θεωρεῖται.
1338 3108 1341 3113 .

332 3127 391 3192 His
422 3130 537 3211 positis
564 3139 653 3211 patet
683 3129 746 3191 iam
774 3128 861 3192 haud
894 3130 1055 3212 integrum
1089 3147 1164 3192 esse
1196 3122 1359 3191 Aneodoti

245 3234 410 3300 Harleiani
443 3236 549 3298 locum
584 3256 668 3316 eum,
700 3255 765 3319 quo
802 3236 843 3299 de
877 3236 961 3319 dipla
995 3236 1043 3298 sic
1077 3234 1242 3298 scribitur:
1272 3230 1294 3317 ἡ
1325 3228 1359 3297 δὲ

246 3337 449 3424 direptoriam<
479 3342 566 3424 διπλῆ
597 3338 674 3423 πρὸς
706 3338 760 3415 τὰς
789 3340 998 3424 Ζηνοδοτείους
1027 3336 1227 3423 μεταγραφάς,
1260 3357 1358 3422 quan·

245 3443 418 3529 doquidem
450 3444 535 3527 dipla
570 3464 650 3527 pura
683 3445 760 3509 nihil
793 3445 834 3509 ad
868 3444 1082 3510 Zenodotum.
1139 3442 1274 3508 Scilicet
1289 3434 1359 3507 ‘ex-

243 3547 390 3612 ciderunt
421 3557 497 3630 post
527 3547 628 3610 verba
665 3543 868 3631 ἀπερίστικτος
896 3570 944 3627 ea,
968 3569 1051 3632 quac
1074 3547 1116 3611 ad
1143 3548 1228 3611 hanc
1250 3557 1358 3611 notam

242 3651 466 3734 explicandam
499 3653 704 3733 pertinerent.
758 3651 830 3716 Hoc
859 3654 904 3715 ita
936 3673 1011 3716 esse
1046 3663 1137 3716 certo
1170 3650 1359 3735 coarguitur

239 3757 347 3821 indice
379 3760 544 3840 signorum
578 3758 784 3840 explicationi
806 3759 1008 3843 singulorum
1035 3776 1239 3841 quorumque
1266 3773 1358 3840 prae·

241 3862 353 3943 misso,
389 3880 455 3943 quo
489 3873 626 3944 utraque
660 3861 764 3944 dipla,
801 3870 954 3943 punctata
989 3870 1021 3923 et
1056 3879 1138 3943 pura
1173 3858 1357 3943 singulatim

240 3961 437 4027 afferuntur:
482 3983 578 4046 quam
613 3964 768 4027 iacturam
803 3984 900 4046 quum
934 3964 1083 4026 librarius
1116 3980 1182 4024 non
1216 3959 1358 4025 animad-

239 4077 390 4152 verteret,
421 4069 540 4134 factum
574 4079 609 4132 ut
642 4070 794 4132 continua
825 4071 971 4134 oratione
1000 4068 1230 4132 exhiberentur
1251 4068 1358 4131 omnia

238 4189 323 4254 quae
352 4182 483 4238 servata
514 4172 700 4253 reperisset.
757 4170 909 4235 Ceterum
945 4192 1025 4238 casu
1064 4172 1193 4236 minime
1235 4169 1358 4234 factum

240 4270 385 4358 uidetur,
417 4273 508 4358 quod
539 4274 588 4351 in,
605 4273 804 4339 Zenodotiae
836 4275 1044 4341 diorthoseos
1076 4273 1239 4339 mentione
1271 4269 1358 4356 apud
