2902 4822
698 430 751 505 ea

168 625 303 708 abipso
342 622 517 688 scholiasta
555 620 667 709 figuris
707 626 853 709 ipsorum
893 621 1051 704 appositis
1088 621 1277 707 illustratur,

168 728 258 791 Alae.
282 727 354 792 240.
389 725 512 808 Quibus
535 728 637 812 signis
660 729 837 792 asteriscus
860 724 1039 808 addendus,
1060 727 1156 793 ‚euius
1179 748 1278 812 quum

168 850 232 893 uno
256 841 378 893 tantum
400 830 491 912 loeo,
515 829 624 914 Antig.
639 831 701 894 155
724 828 788 910 (ἐπὶ
807 837 852 916 τῷ
872 827 949 893 τέλει
970 824 1145 913 ἀστερίσκος
1166 831 1279 915 δηλῶν,

170 931 214 1007 ὡς
247 932 281 997 τὸ
314 929 394 1016 ἆσμα
415 930 592 1007 τετέλεσται)
621 936 740 998 mentio
763 935 839 1015 fiat,
870 935 1106 997 consectarium
1139 934 1278 1020 videtur,

168 1037 299 1120 scriptis
333 1037 460 1100 demum
484 1047 516 1101 et
536 1037 676 1122 vulgatis
708 1037 839 1111 scholiis
872 1037 905 1099 in
937 1036 1070 1100 Aiacem
1092 1035 1279 1105 Triclinium
1358 1104 1360 1112 ,

168 1140 209 1204 ad
241 1140 472 1204 recensendam
506 1140 699 1225 Antigonam
732 1142 918 1204 transiisse:
951 1139 1038 1204 unde
1065 1140 1097 1203 in
1120 1141 1278 1226 ordinem,

169 1263 234 1328 quo
257 1243 382 1308 fabulas
405 1242 576 1308 Triclinius
604 1245 635 1307 in
658 1234 896 1327 'exemplaribus
924 1244 1080 1307 exhibitas
1110 1247 1279 1329 repererit,

169 1348 384 1412 coniecturam
407 1347 516 1412 facere
537 1347 623 1430 licet,
646 1367 686 1410 eo
705 1347 890 1411 firmandam
908 1347 1006 1433 quod,
1025 1348 1054 1410 si
1074 1347 1160 1413 Aiax
1177 1349 1279 1433 prime

168 1453 281 1515 ordine
305 1461 465 1532 censetur,
488 1450 521 1514 id
548 1471 587 1514 eo
612 1450 754 1515 nonnihil
780 1451 932 1533 praesidii
953 1452 1169 1532 nanciscatur,
1192 1451 1281 1536 quod

169 1575 268 1638 quum
290 1576 349 1637 per
372 1565 497 1618 ceteras
519 1555 703 1638 tragoedias
727 1554 854 1617 duobus
877 1564 1000 1618 tantum
1028 1553 1110 1617 locis
1132 1552 1280 1639 Hephae·

168 1659 283 1722 stionis
305 1660 480 1722 auotoritas
503 1657 650 1721 landetur
672 1656 795 1740 (Antig.
822 1657 892 1720 100.
916 1657 996 1721 Oed.
1020 1657 1058 1721 R.
1082 1658 1169 1741 151),
1193 1659 1227 1723 id
1247 1660 1280 1723 in

114 1754 125 1765 ”
169 1781 232 1824 una
265 1761 366 1826 Aiace
397 1762 497 1823 ternis
532 1761 567 1823 fit
597 1757 665 1843 (vs.
698 1761 770 1825 134.
796 1761 858 1822 172
880 1769 913 1823 et
934 1761 1033 1843 200„
1068 1762 1188 1846 quippe
1217 1780 1280 1848 qne

169 1865 261 1927 testis
284 1864 369 1927 allati
392 1864 549 1947 gravitate
572 1863 749 1928 doctrinam
767 1863 933 1927 metricam
953 1865 1091 1947 posthac
1104 1884 1164 1947 per
1176 1873 1279 1931 totum

169 1967 347 2032 fabularum
371 1987 490 2051 eorpus
513 1967 683 2032 tenendam
704 1977 866 2050 tamquam
881 1968 1085 2031 fundamento
1108 1966 1279 2033 Triclinius

168 2073 201 2134 in
224 2081 426 2137 antecessum
447 2080 673 2154 superstruere
692 2070 841 2133 voluerit.
877 2069 967 2134 Haeo
982 2091 1062 2135 vero
1082 2071 1197 2136 obiter.
1226 2071 1280 2137 Ad

169 2195 236 2238 rem
260 2175 409 2257 pertinet,
432 2174 519 2259 quod
541 2175 592 2238 hic
615 2175 721 2238 statim
745 2174 948 2256 monendum,
972 2195 1014 2238 ex
1036 2175 1100 2239 hoe
1121 2175 1196 2258 ipso
1217 2194 1279 2240 usu

169 2278 326 2359 asterisci,
351 2279 405 2361 qui
428 2279 529 2363 signis
552 2279 755 2342 scenicorum
777 2287 945 2358 poetarum
976 2277 1016 2342 ab
1039 2277 1279 2361 Hephaestione

169 2402 200 2464 p.
225 2381 288 2445 134
309 2401 465 2464 expresse
487 2381 677 2463 excluditur,
705 2380 853 2445 concludi
876 2401 986 2465 posse,
1018 2381 1112 2447 huius
1135 2382 1280 2448 doctriua

170 2485 239 2549 sola
261 2483 448 2549 Triclinium
481 2485 609 2547 minime
643 2493 830 2548 contentum
852 2485 965 2567 fuisse,
997 2484 1057 2550 sed
1079 2487 1176 2550 etiam
1197 2486 1282 2551 alios

169 2590 275 2652 sontes
309 2588 523 2669 consuluisse,
557 2587 591 2649 id
627 2587 713 2671 quod
743 2588 836 2652 vides
871 2589 966 2672 plane
997 2590 1174 2654 convenire
1189 2630 1192 2635 -
1206 2610 1280 2655 eun

122 2752 124 2756 ,
169 2692 293 2756 ratione
315 2690 518 2755 Scholiorum
541 2689 776 2772 Aristophanis.
810 2691 893 2756 'lum
912 2713 994 2777 quae
1013 2702 1109 2757 notae
1127 2694 1280 2758 metricae

169 2796 202 2858 in
222 2796 272 2860 his
285 2793 426 2859 Triclinii
440 2792 579 2857 Scholiis
599 2793 785 2878 afferuntur,
812 2816 868 2860 eas
885 2797 1012 2861 aliunde
1032 2796 1278 2880 adscitasesse,

168 2899 239 2981 ipsa
263 2919 373 2962 earum
395 2897 520 2960 indoles
544 2897 662 2979 prodit.
704 2897 845 2963 Primum
869 2901 951 2963 enim
975 2901 1005 2964 si
1026 2901 1067 2964 ad
1090 2900 1193 2965 solam
1216 2899 1279 2965 He·

168 3002 366 3085 phaestionis
401 3000 578 3064 doctrinam
615 2999 786 3066 Triclinius
822 3003 954 3066 notandi
990 3006 1146 3068 rationem
1187 3024 1278 3069 suam

169 3106 417 3188 composuisset,
461 3103 592 3167 destitui
621 3105 689 3168 suis
725 3107 809 3170 notis
840 3106 958 3175 multos
990 3107 1084 3173 locos
1114 3109 1278 3173 notatione

168 3228 233 3272 non
255 3209 397 3290 sivisset,
420 3217 474 3270 aut
496 3214 584 3270 certe
607 3226 671 3270 nou
694 3209 882 3291 imperfecte
904 3221 1064 3275 notasset:
1094 3211 1183 3297 quod
1204 3231 1277 3296 per·

167 3310 274 3375 multis
307 3310 388 3376 locis
411 3312 531 3374 factum
554 3321 614 3395 est,
649 3314 769 3396 pariter
799 3322 896 3398 atque
925 3316 959 3378 in
986 3313 1128 3381 Scholiis
1150 3315 1277 3380 Aristo·

166 3414 322 3498 phanicis.
367 3413 514 3502 Exempli
536 3420 639 3504 gratia
672 3418 772 3481 affero
795 3438 893 3481 unum
925 3419 1120 3504 paragraphi
1141 3420 1175 3483 in
1195 3414 1276 3485 ἄπο-

167 3517 250 3585 θέσει
270 3522 410 3604 ponendi
433 3543 538 3605 usum,
571 3523 663 3586 cuius
686 3521 768 3584 ratio
799 3520 919 3603 duplex
941 3532 1012 3587 est:
1047 3543 1110 3587 una
1131 3523 1275 3606 metrico,
1346 3535 1356 3604 j

167 3644 249 3708 quae
271 3625 374 3708 qualis
397 3627 438 3689 sit
461 3627 670 3712 cognoscitur
692 3645 733 3689 ex
755 3624 845 3689 Aiac.
872 3626 944 3709 134,
968 3626 1024 3689 ubi
1045 3627 1174 3690 nomine
1195 3620 1275 3692 ἄπο-

166 3724 281 3792 θέσεων
302 3730 335 3791 in
357 3740 533 3814 systemate
556 3731 761 3812 anapaestico
783 3730 977 3812 paroemiaci
1001 3729 1145 3793 dimetris
1162 3728 1275 3795 aoattd,

166 3831 307 3914 oppositi
329 3833 564 3918 significantur:
600 3828 655 3896 εἰσὶ
676 3829 713 3896 τὰ
735 3830 786 3915 μὲν
809 3833 929 3917 δίμετρα
950 3828 1161 3916 ἀκατάληπτα·
1181 3828 1221 3897 τὰ
1241 3829 1276 3897 dl

164 3942 223 3999 τῶν
246 3932 432 4018 anomaeos,
465 3936 586 4020 dipetpe
614 3933 824 4018 καταληκτικά,
857 3937 974 4020 quihus
997 3937 1059 4002 sub
1082 3936 1178 4000 finem
1199 3933 1276 4001 suh·

164 4039 331 4104 iiciuntur:
366 4036 606 4125 ἡπαράγραφος
629 4037 658 4104 ἐν
687 4047 751 4114 ταῖς
768 4037 954 4105 ‘duodicem
997 4039 1188 4126 Intelligitur
1217 4039 1276 4125 igi·

164 4152 217 4208 tur
238 4145 423 4229 systematis
445 4143 528 4226 finis,
563 4146 608 4208 ita
636 4154 671 4208 ut
701 4144 865 4209 clausulae
895 4146 965 4208 sive
986 4142 1178 4228 καταλήεεως
1208 4142 1276 4208 vim

163 4245 290 4330 habeat,
325 4246 594 4336 quemadmodum
623 4250 719 4314 etiarn
740 4268 807 4313 vox
839 4243 984 4322 ἀπόθεσις
1014 4247 1180 4314 rhetorum
1205 4266 1274 4313 ser·
