2902 4822
695 458 745 532 29

163 675 213 727 νος
236 648 345 733 ὀβελὸς
376 650 585 736 παρακείσεται
606 645 657 712 καὶ
678 645 755 732 πρὸς
787 643 881 732 τούτῳ
910 643 1098 729 ἀστερίσκος·
1133 645 1219 728 δηλοῖ
1241 644 1277 710 δὲ
1332 671 1337 680 ·

163 763 260 837 τοῦτο,
289 752 365 820 ὅπου
388 753 423 819 ἀν
446 749 466 840 ᾗ
487 753 620 837 κείμενος
644 749 695 815 σὀν
716 757 761 835 τῷ
784 745 893 835 ὀβελῷ,
915 746 959 814 ὅτι
977 745 1112 832 Ὁμήρου
1135 744 1186 831 μέν
1205 745 1275 828 ἐστι,

165 857 290 942 φαύλως
319 853 344 920 θ’
369 855 494 922 ἐνταῦθα
515 864 622 921 κεῖται·
642 853 707 917 ἔστι
729 850 763 915 δὲ
791 849 841 916 καὶ
863 851 964 937 ἔτερος
992 848 1103 936 τρόπος
1124 857 1177 935 τῆς
1199 848 1276 916 ἀθε-

163 961 295 1045 τήσεως,
329 956 398 1023 ὅταν
428 969 488 1033 τοῖς
520 957 619 1033 αὐτοῖς
652 955 762 1038 στίχοις
795 951 940 1028 πολλάκις
972 962 1097 1038 χρῆται,
1142 951 1193 1018 ὁτὲ
1225 952 1276 1037 μὲν

165 1059 284 1136 οἰκείοις
320 1059 477 1146 περιτιθεὶς
516 1059 697 1146 προσώποις·
719 1057 757 1123 τὰ
789 1056 948 1143 λεγόμενα,
993 1053 1043 1120 ὁτὲ
1077 1053 1112 1119 δὲ
1144 1054 1198 1137 ot,
1233 1053 1277 1128 ὡς

165 1161 290 1249 ἔχειτὰ
311 1171 364 1230 τοῦ
385 1164 628 1240 Κὺπλωποςτοῦ
649 1159 876 1247 ἀνημερωτάτοο
899 1157 1015 1246 ῥήματα
1036 1155 1094 1224 ὑπὸ
1114 1165 1169 1224 τοῦ
1190 1181 1278 1223 συνε-

165 1263 298 1332 τωτάτου
329 1263 478 1350 Νέστορος
512 1264 655 1350 λεγόμενα
687 1266 765 1351 πρὸς
787 1261 979 1349 Τηλέμαχον·
1008 1259 1058 1345 „dr
1081 1266 1175 1343 ξεῖνοι,
1204 1262 1279 1336 τίνες

166 1366 255 1446 ἐστέ;
286 1365 379 1434 πόθεν
401 1363 497 1434 πλεῖθ’
521 1368 596 1454 ὑγρὰ
618 1367 766 1448 κέλευθα;
800 1365 868 1452 ἥτι
889 1363 966 1432 κατὰ
987 1370 1107 1450 πρῆξιν,
1141 1363 1278 1449 ἢμαψι-

168 1472 242 1545 dior<
265 1468 429 1554 ἀλάλησθε,
462 1468 515 1536 οἷά
536 1495 569 1536 τε
601 1474 760 1557 ληϊστῆρες
789 1470 873 1556 ὑπεὶρ
907 1469 976 1549 ἅλα,
1006 1468 1053 1533 τοί
1080 1464 1103 1531 τ’
1134 1465 1281 1533 ἀλόωνται

170 1571 271 1659 ψυχάς
291 1570 507 1658 rapotonem·
533 1577 560 1656 ⁰)
594 1581 684 1638 ταῦτα
705 1572 761 1659 γὰρ
792 1574 919 1659 ἥρμοζεν
949 1570 1014 1640 ὑπὸ]
1038 1577 1091 1635 τοῦ
1113 1569 1280 1643 Κύκλωπος

165 1671 311 1742 Ὀδυσσεῖ
333 1672 479 1761 εἰρῆσθαι,
503 1674 561 1759 οὔχ
584 1676 641 1742 ὑπὸ
665 1674 814 1762 Νέστορος
836 1673 1020 1763 Τηλεμάχῳ.

256 1777 431 1860 Quaerenti
451 1790 525 1842 ante
544 1781 650 1843 omnia
670 1779 710 1843 de
730 1801 781 1864 eo,
802 1781 894 1845 cuius
913 1778 1115 1844 consuetudo
1132 1776 1282 1862 signandi

168 1883 234 1946 hoc
255 1882 433 1966 fragmento
457 1882 677 1967 describatur,
704 1885 791 1968 quod
820 1885 847 1948 si
871 1903 935 1947 non
958 1894 1116 1964 tenemus,
1141 1881 1228 1952 ,nihil
1249 1882 1282 1944 in

169 1993 239 2050 toto
258 1985 321 2049 hoc
342 1985 417 2049 loco
440 1985 666 2067 perspicimus
689 1988 881 2068 praesertim
903 1988 931 2049 si
954 1986 1184 2051 contulerimus
1207 2005 1282 2048 cum

171 2086 333 2152 Anecdoti
354 2086 446 2153 Rom.
470 2108 541 2171 cap.
564 2087 608 2170 lt,
636 2087 807 2152 Anecdoto
830 2087 967 2170 Veneto,
991 2087 1196 2172 Scholiisque
1219 2086 1282 2152 Ve-

170 2191 254 2256 netis
277 2189 405 2272 singulo
429 2210 559 2274 quoque
581 2190 656 2254 loco
678 2190 852 2256 Homerico
882 2189 1023 2272 laudato,
1052 2190 1183 2254 dubium
1207 2210 1283 2254 esse

171 2313 238 2357 non
258 2303 377 2376 potest,
407 2294 460 2378 agi
481 2293 600 2377 ubique
623 2295 664 2357 de
685 2288 886 2358 Aristarcho.
943 2291 1070 2357 Etenim
1093 2294 1148 2377 qui
1173 2293 1284 2356 lauda-

171 2408 225 2460 tur
245 2407 327 2460 ¹usus
350 2394 456 2478 diplae
477 2407 649 2478 punctatae
671 2398 703 2458 in
726 2398 874 2460 notandis
897 2395 1055 2458 Zenodoti
1077 2394 1280 2476 lectionibus,

174 2518 248 2563 eum
259 2498 493 2562 Aristarchinm
508 2519 592 2582 esse,
609 2501 781 2583 perspicue
794 2501 826 2562 in
837 2499 1009 2563 Anecdoto
1022 2497 1112 2561 Rom.
1130 2495 1280 2561 docetur:

173 2603 356 2684 itemquae
379 2601 420 2663 de
443 2600 539 2665 obelo
562 2621 635 2665 cum
657 2605 814 2668 asterisco
837 2603 987 2666 adiuncto
1013 2600 1191 2663 traduntur.
1224 2599 1283 2663 At·

175 2724 239 2788 que
275 2703 313 2767 ab
336 2703 426 2766 initio
458 2703 630 2788 fragmenti
660 2708 713 2790 agi
736 2707 776 2770 de
810 2707 887 2771 crisi
918 2704 1076 2768 Zenodoti
1111 2702 1283 2767 Homerica

176 2806 353 2871 Aristarchi
369 2806 488 2869 iudicio
511 2807 667 2889 subiecta,
691 2809 809 2894 singuli
832 2808 1006 2873 ostendunt
1022 2808 1087 2872 loci
1101 2807 1282 2870 examinati.

174 2905 283 2971 Prima
311 2909 412 2972 verba
434 2909 566 2994 egregie
595 2909 796 2975 illustrantur
808 2911 947 2975 Scholiis
970 2910 1012 2973 ad
1034 2909 1122 2977 lliad.
1150 2915 1176 2991 ξ,
1200 2911 1282 2972 499:

176 3009 357 3093 exquibus
380 3031 479 3093 quum
505 3011 700 3076 edoceamur
721 3014 799 3077 illud
823 3022 876 3098 φῆ,
904 3014 997 3076 cuius
1019 3014 1176 3077 rationem
1199 3022 1284 3076 cete·

119 3101 124 3108 ’
175 3113 293 3195 roquin
326 3115 456 3198 egregie
479 3113 631 3197 explicuit
652 3115 919 3200 Zenodotumque
948 3115 988 3178 ah
1011 3134 1121 3179 errore
1143 3113 1286 3179 defendit

176 3213 390 3278 Buttmannus
413 3216 514 3281 Lexil.
534 3218 557 3281 1.
580 3240 612 3301 p.
630 3219 704 3302 236,
727 3219 917 3283 Aristarcho
941 3218 1061 3282 dictum
1082 3220 1188 3283 visum
1210 3237 1286 3282 esse

176 3334 237 3398 pro
259 3315 332 3399 ἔφη,
354 3329 390 3381 ut
411 3320 480 3402 ἔβη,
502 3321 705 3385 manifestum
729 3332 789 3404 est,
812 3323 923 3401 verba,
947 3320 1063 3405 quibus
1080 3322 1191 3405 incipit
1202 3321 1286 3406 frag·
1317 3350 1320 3353 ¹

177 3427 330 3502 mentum,
359 3416 435 3503 ἧτὸ
458 3423 530 3506 ἔφη,
563 3444 604 3487 ex
626 3436 732 3488 mente
755 3425 945 3506 Aristarchi,
969 3424 1042 3506 dici,
1076 3433 1145 3487 tum
1176 3423 1286 3487 verbis

178 3516 269 3604 ὁμὲν
291 3521 401 3606 νοήσας
433 3525 567 3609 intelligi
589 3527 807 3593 Zenodotum.
836 3537 1006 3611 praeterea
1039 3522 1125 3590 πάλιν
1153 3523 1264 3588 illud
1254 3545 1288 3587 ιο

178 3625 287 3690 verbis
310 3623 389 3691 ἀλλὰ
410 3625 509 3708 λαβὼν
532 3625 668 3695 πάλιν
639 3654 674 3695 το
696 3654 738 3714 φη
701 3609 824 3694 ἀντι
843 3635 896 3692 τοῦ
927 3651 970 3701 ως
997 3636 1124 3710 spectat
1111 3626 1187 3691 tad
1209 3628 1288 3690 alte·

177 3747 249 3791 rum
280 3727 388 3794 lliadis
421 3729 579 3813 Ιοοονοβ,
604 3733 676 3815 144,
710 3733 765 3795 ubi
797 3751 858 3815 pro
893 3727 937 3805 ὡς
971 3728 1057 3814 apud
1085 3729 1289 3794 Zenodotum

178 3831 299 3912 pariter
327 3840 369 3918 φῆ
405 3843 568 3915 repertum
601 3855 677 3900 esse
709 3833 840 3900 Scholia
875 3843 1042 3899 testantur.
1092 3832 1173 3899 Post
1207 3856 1289 3919 quae

179 3943 359 4016 sequuntur
389 3942 556 4018 σηρειοθται
577 3973 612 3984 -
641 3937 823 4023 Κολαιμένεα
856 3958 969 4003 rursus
1004 3957 1046 4001 ex
1078 3949 1185 4001 mente
1216 3939 1290 4003 Ari·

231 4176 260 4245 6)
280 4175 426 4316 Odyasksq
375 4199 426 4252 .,γ
443 4185 475 4235 71
496 4201 535 4255 sq.
555 4192 616 4254 ειν,
635 4188 694 4242 252.
730 4183 797 4240 Cod.
828 4192 898 4275 teste
918 4183 1081 4239 Thierschio
1105 4185 1221 4259 capillum
1239 4204 1289 4257 pro

284 4281 334 4337 παρ
365 4283 438 4336 ρενοι
