2902 4822
755 439 836 517 254

242 633 309 699 Cic.
331 633 365 697 in
387 633 455 699 Pis.
470 632 522 714 30,
537 631 596 714 37,
619 631 713 696 cuius
734 631 834 698 verba
857 631 1005 699 attulisse
1026 631 1182 697 sufficiet:
1220 630 1353 697 Vertere.

241 747 358 818 tornea,
382 739 534 823 qnoniam
562 744 592 802 te
613 754 681 799 non
702 735 941 817 Aristarchum,
964 734 1024 801 sed
1050 734 1214 801 Phaloria
1235 756 1352 825 prere

238 844 391 907 maurum
412 840 574 922 hebemus,
598 840 654 923 qui
672 859 740 903 aon
761 849 874 907 noima
896 861 1047 927 appones
1068 839 1116 905 ad
1134 838 1260 907 mahen
1279 861 1352 907 aer·

238 967 318 1027 nen,
341 944 400 1011 scd
415 952 549 1032 poetam
571 946 672 1008 armis
690 960 898 1028 peraequare,
916 946 1000 1009 scire
1012 947 1106 1030 capio
1123 944 1202 1031 qnid
1217 944 1351 1011 tandem

236 1051 299 1115 sisto
321 1047 716 1135 praesentandas,
736 1046 880 1130 „cedent
899 1069 997 1113 arma
1019 1056 1145 1137 topace

740 1211 768 1279 S.
789 1205 842 1275 77.
879 1238 882 1244 ·

485 1333 537 1389 De
558 1328 699 1388 Lucani
720 1330 923 1391 Pharsalia
952 1336 1096 1395 notata.

321 1464 523 1551 Scriptorum
556 1466 744 1531 Latinorum
784 1468 987 1551 antiquorum
1021 1476 1150 1552 praeter
1182 1486 1258 1552 eos,
1290 1470 1347 1555 qui

234 1570 339 1636 adhue
370 1572 611 1637 commemorati
642 1581 728 1653 sunt,
758 1572 835 1634 novi
858 1591 920 1656 ego
944 1570 1074 1657 quidem
1102 1570 1225 1637 nullum
1249 1593 1347 1659 quem

233 1677 437 1760 criticorum,
471 1674 591 1740 nedum
620 1674 797 1740 Aristarchi
820 1675 862 1739 ad
891 1675 1038 1759 modum,
1066 1678 1137 1741 sive
1158 1677 1346 1743 testimonio

233 1790 379 1845 veterum
401 1781 472 1845 sive
494 1780 617 1864 sparsis
639 1799 698 1863 per
720 1778 851 1844 codices
868 1781 1009 1863 scriptos
1026 1780 1172 1866 vestigiis
1190 1792 1346 1867 appareat

231 1894 377 1949 notatum
399 1884 511 1965 fnisse,
535 1884 597 1949 uisi
608 1882 790 1949 Lucanum:
818 1885 911 1950 cuius
932 1882 1132 1951 Pharsaliam
1152 1905 1251 1970 quum
1267 1904 1345 1949 con·

231 1998 296 2052 stet
318 1988 438 2073 glossis
470 1988 523 2053 vel
546 1990 785 2055 commentariis
816 1989 948 2073 antiquo
977 1998 1126 2073 tempore
1152 1988 1345 2055 illustratam

230 2111 316 2176 esse,
333 2093 357 2173 ¹)
380 2093 494 2158 horum
512 2092 609 2158 simul
626 2092 778 2179 reliquias
800 2092 957 2179 quasdam
974 2094 1008 2156 in
1026 2092 1234 2177 scholiorum,
1257 2112 1343 2179 quae

228 2199 324 2262 etiam
348 2216 433 2261 nunc
455 2206 594 2280 exstant,
617 2198 778 2284 farragine
801 2199 936 2279 servari,
959 2199 1073 2262 merito
1095 2206 1235 2282 putatur.
1267 2194 1342 2265 Hoc
1366 2240 1370 2248 ·

226 2311 263 2366 nt
283 2320 396 2365 verum
424 2301 484 2385 sit,
507 2301 665 2386 Weberi,
697 2324 792 2388 quem
814 2323 846 2367 v.
869 2323 900 2386 p.
922 2300 983 2386 IV,
1007 2302 1048 2367 de
1070 2302 1240 2387 sententia,
1262 2300 1341 2367 lioet

225 2405 297 2489 ipsa
328 2406 451 2471 scholia
482 2392 566 2473 satis
590 2409 713 2473 recenti
741 2417 888 2492 tempore
921 2408 1106 2491 conscripta
1127 2408 1207 2489 sint,
1240 2416 1340 2493 atque

227 2511 282 2594 qui
304 2520 592 2576 commentatorum
613 2513 824 2596 superstitum
844 2511 1087 2597 antiquissimus
1115 2511 1257 2591 omnium
1278 2531 1339 2597 pu·

221 2622 308 2676 tatur
339 2612 468 2698 Vacca,
498 2617 596 2681 homo
630 2617 820 2701 ceteroquin
848 2617 995 2703 ignotus,
1028 2632 1095 2679 non
1121 2626 1196 2679 aute
1222 2634 1337 2681 saecu·

220 2715 291 2781 lum·
309 2728 449 2803 sextum,
472 2729 508 2784 ut
530 2722 696 2787 constituit
717 2719 884 2785 Weberus
906 2742 939 2807 p.
961 2717 1009 2804 V,
1032 2719 1158 2803 vixerit,
1176 2719 1204 2801 ²)
1226 2729 1337 2799 mmen

220 2840 304 2907 quos
326 2844 412 2889 nunc
433 2826 583 2891 novimus
604 2825 727 2892 Lucani
749 2834 1030 2909 commentatores,
1052 2825 1075 2888 ii
1096 2826 1128 2889 in
1150 2822 1335 2889 adnotando

220 2937 316 3010 poeta
340 2929 447 3012 potius
470 2930 666 3015 interpretis,
700 2950 796 3016 quam
818 2930 921 2996 critici
949 2939 1060 3014 partes
1082 2927 1244 2995 sustinere
1265 2937 1334 2993 stu·

219 3031 372 3114 duerunt,
395 3037 570 3102 notationis
592 3037 723 3102 criticae
751 3035 912 3119 autiquae,
935 3035 964 3100 si
987 3054 1082 3119 quam
1104 3032 1253 3097 traditam
1273 3050 1333 3097 no·

216 3137 291 3219 rint,
316 3157 442 3204 osores.
475 3138 543 3204 Sed
562 3162 602 3206 ne
618 3150 745 3207 constat
763 3138 904 3224 quidem,
926 3137 1095 3203 Pharsalia
1115 3134 1330 3219 Aristarchio,

216 3240 288 3303 sive
323 3242 419 3307 eham
453 3242 615 3310 Probiano
648 3245 745 3310 modo
779 3263 995 3327 enumquam
1026 3252 1137 3309 nomta
1169 3243 1275 3309 fuomt.
1299 3244 1330 3323 ⁸)

214 3363 507 3382 ——-—--———

269 3417 296 3483 l)
316 3413 350 3473 V.
368 3413 487 3471 Weberi
503 3414 593 3473 Praei.
613 3415 648 3471 ad
666 3414 778 3471 Scholia
796 3412 901 3469 Lucani
920 3432 946 3486 p.
968 3412 1011 3467 lll.
1031 3414 1132 3471 Comm.
1152 3414 1187 3469 de
1200 3412 1328 3471 Senecae

320 3504 432 3575 scriptis
451 3502 602 3575 deperditis
621 3501 666 3557 ΙΙΙ.
687 3520 714 3574 p.
735 3502 777 3567 ta,
796 3508 831 3567 ot,
857 3508 986 3572 quantum
1005 3501 1040 3557 ad
1058 3502 1236 3559 Polemonem
1252 3518 1327 3558 com·

316 3598 502 3657 memoratum,
520 3588 672 3644 Weberum
690 3606 717 3660 p.
733 3585 808 3641 XlX.

265 3696 295 3762 2)
315 3693 403 3749 Huius
425 3694 615 3749 commentarii
642 3692 797 3765 exemplum
820 3694 850 3747 iu
873 3690 940 3746 bibl.
966 3696 1127 3750 monasterii
1146 3693 1326 3751 Corbeiensia

315 3782 379 3836 olim
397 3790 535 3838 servatum
553 3782 620 3846 luit,
648 3787 720 3836 teste
740 3779 881 3835 Breviario
900 3778 1025 3834 codicum
1042 3784 1201 3837 monasterii
1218 3783 1248 3839 S.
1265 3782 1325 3839 Na-

315 3871 384 3923 sarii
401 3870 429 3922 in
446 3867 585 3934 Lauriesa,
603 3869 632 3921 iu
649 3866 716 3921 Maii
733 3866 831 3940 Spicil.
849 3865 880 3919 Τ.
898 3866 934 3924 V.
952 3884 977 3938 p.
997 3870 1058 3920 2¹2.

261 3971 290 4043 3)
309 3971 397 4040 Quum
415 3973 445 4027 in
467 3970 611 4027 Aneodoto
631 3971 755 4027 Parisino
772 3989 799 4043 p.
818 3972 852 4023 85
871 3970 990 4025 Probum
1019 3970 1133 4047 Vrrpr'lio
1156 3978 1186 4028 et
1201 3970 1325 4029 Horatio

315 4067 344 4118 et
361 4060 492 4115 Lucontio
510 4066 589 4114 notas
607 4060 770 4131 apposuisse
794 4058 863 4112 tradi
882 4059 1136 4126 animadverterem,
1160 4066 1220 4115 erat
1237 4076 1323 4133 quum

316 4148 448 4203 insolenti
461 4148 598 4201 nominum
612 4146 708 4200 ordine
722 4144 843 4201 offensus
856 4147 1022 4216 suspicarer,
1040 4162 1095 4200 non
1108 4147 1243 4217 integrum
1257 4164 1323 4203 esse

313 4249 413 4289 nomeu
437 4234 571 4301 Lucretii,
595 4234 677 4288 immo
701 4250 769 4288 vero
794 4250 857 4289 oum
882 4230 987 4287 Lucani
1007 4234 1224 4291 commutandum
1246 4250 1321 4291 esse.

314 4316 371 4375 Sed
388 4318 466 4374 uolui
484 4316 558 4374 abuti
575 4321 752 4377 ooniectmis.
