2902 4822
685 469 761 548 175

171 658 311 724 bahilius'
343 659 488 743 videtur,
509 671 588 725 'eas'
615 663 814 745 perscriptas
846 678 923 729 ¹esse
955 665 1001 729 uti
1032 675 1063 729 et
1099 661 1281 731 Brunchius
1310 640 1313 652 Λ

115 792 116 795 “
171 773 294 844 censet,
322 766 545 845 pronuntiatas
566 776 674 828 autem
696 764 736 826 ad
760 784 876 829 sonum
906 766 1065 831 vocalium
1087 787 1283 853 concurren-
1385 818 1387 823 s

170 865 248 929 tium
271 867 414 929 mixtum.
448 865 564 951 Neque
581 867 613 929 in
625 867 663 930 iis
679 869 808 932 coronis
829 868 888 932 fuit
908 870 1021 954 signis,
1045 887 1128 954 quae
1141 870 1282 934 Alexan·

170 970 335 1033 drinorum
355 972 647 1057 grammaticorum,
671 972 870 1053 reperiendis
891 975 1034 1038 cuiusvis
1052 975 1182 1058 generis
1196 974 1280 1038 uotis

169 1087 234 1138 tam
257 1074 420 1152 feracium,
449 1075 606 1138 industria
634 1076 802 1157 invenerit,
837 1078 1097 1161 quandoquidem
1131 1081 1201 1142 eius
1235 1079 1281 1141 rei
1389 1102 1391 1112 ¹

168 1174 290 1240 nulium
321 1190 409 1241 certe
433 1179 649 1242 testimonium
680 1177 720 1242 ad
743 1198 803 1242 nos
826 1180 986 1261 perlatum
1010 1190 1075 1243 est:
1110 1190 1207 1264 atque
1236 1182 1281 1244 ita

168 1299 255 1360 esse,
291 1281 387 1367 docet
422 1282 565 1365 vulgaris
598 1281 762 1346 scribendi
793 1301 886 1363 usus,
919 1304 937 1346 a
973 1302 1037 1368 quo
1071 1304 1109 1347 ea
1132 1283 1280 1367 signandi

168 1384 250 1447 ratio
272 1386 382 1468 utique
405 1385 507 1449 aliena
531 1383 601 1465 suit,
625 1383 677 1446 vei
700 1402 741 1445 ex
763 1381 912 1469 Papyris,
936 1396 970 1447 ut
993 1383 1103 1448 titulos
1127 1385 1280 1461 omittam,

169 1489 437 1571 cognoscendus,
461 1490 579 1573 quihus
602 1507 712 1552 erasos
736 1507 849 1551 omnes
872 1489 942 1551 sine
962 1488 1046 1550 notis
1070 1507 1169 1571 purae
1192 1486 1280 1550 exhi-

167 1589 294 1656 bentur.
348 1593 400 1658 Ne
438 1592 567 1678 longius
600 1592 729 1675 abeam,
772 1611 813 1655 ex
847 1611 911 1656 una
950 1590 1128 1654 Philodemi
1163 1592 1279 1676 pagina

168 1693 313 1770 (Volum.
335 1695 568 1762 Herculaneus.
593 1695 630 1761 Τ.
654 1697 675 1763 Ι.
699 1696 769 1762 Col.
791 1695 896 1775 xvir)
926 1696 1073 1780 produco
1106 1697 1278 1761 ΚΑΚΕΙΝΟ
1337 1723 1341 1729 ·

168 1810 197 1864 et
233 1802 324 1883 ΚΑΝ,
356 1803 403 1865 uti
437 1802 593 1866 distincte
620 1801 781 1884 hodieque
814 1801 967 1863 cernitur.-
1009 1798 1104 1862 Adde
1138 1798 1225 1882 quod
1248 1801 1279 1862 in

167 1904 346 1988 fragmento
368 1905 488 1989 Papyri
514 1905 699 1986 Parisiensi,
724 1924 789 1988 quo
812 1902 918 1967 iliadis
942 1904 1078 1967 frustum
1101 1902 1278 1984 exhibetur,

167 2005 288 2070 nullum
323 2010 486 2073 coronidis
522 2009 692 2092 vestigium
729 2006 998 2090 deprehenditur,
1041 2025 1149 2088 quum
1174 2016 1278 2069 tamen

168 2106 343 2195 pleraeque
365 2132 467 2176 voces
490 2123 681 2176 accentuum
712 2111 815 2194 signis
839 2108 1008 2172 distinctae
1030 2109 1111 2171 sint:
1146 2108 1186 2172 de
1215 2128 1279 2192 qua

167 2211 298 2299 Papyro
320 2216 400 2280 alias
422 2217 536 2280 dicam.
581 2215 697 2300 Neque
720 2223 885 2297 praestant
907 2210 987 2275 aliae
1015 2212 1160 2276 eiusdem
1184 2234 1279 2299 argu·

166 2319 264 2379 menti
288 2329 320 2381 et
349 2318 541 2383 conditionis
571 2320 684 2403 papyri
707 2319 911 2400 superstites.
955 2316 1059 2381 Unum
1090 2318 1277 2401 quod‘novi
1372 2350 1374 2357 ·

164 2420 328 2484 coronidis
351 2423 508 2503 genuinae
531 2422 714 2504 exemplum
736 2420 922 2504 suppeditat
944 2420 1026 2504 lapis
1054 2442 1071 2485 a
1096 2419 1275 2486 Welckero

163 2519 289 2604 Syllog.
324 2521 425 2606 epigr.
458 2544 490 2604 p.
527 2523 588 2585 119
624 2524 759 2604 primum
792 2521 955 2608 vulgatuS,
992 2523 1045 2587 ubi
1084 2518 1195 2607 ὧνδρες
1231 2525 1274 2587 ita

163 2626 319 2709 scriptum
341 2637 497 2708 utsupra
520 2626 615 2691 litto
650 2648 783 2692 craseos
817 2630 944 2713 signum
977 2630 1111 2714 figuram
1142 2633 1274 2713 spiritus

162 2724 246 2791 lenis
267 2730 394 2794 imitans
417 2730 591 2795 exhibitum
614 2733 665 2795 sit.
699 2729 735 2794 Si
757 2733 854 2816 igitur
875 2734 908 2795 in
928 2745 1094 2815 comperto
1108 2733 1274 2814 habemus,

164 2831 329 2915 coronidis
361 2831 402 2895 ad
425 2835 531 2896 crasin
562 2834 735 2898 notandam
761 2855 856 2898 usum
883 2855 902 2898 a
928 2834 1161 2898 consuetudine
1188 2845 1275 2898 vete·

162 2954 235 2998 rum
256 2937 385 3000 omnino
413 2937 632 3019 abhorruisse,
654 2958 718 3001 non
744 2942 821 3000 tanti
842 2938 968 3001 videtur
990 2939 1076 3001 serio
1100 2937 1219 3018 rimari,
1241 2920 1288 3000 in'

163 3038 293 3122 scriptis
310 3053 455 3104 veterum
478 3043 675 3107 excudendis
695 3063 765 3106 eam
785 3053 890 3106 utrum
907 3051 1048 3124 praestet
1068 3043 1217 3129 retinere,
1240 3040 1274 3103 id

164 3143 252 3225 quod
286 3155 361 3226 post
383 3144 563 3209 Seidlerum
585 3145 736 3212 Excursu
769 3148 810 3211 ad
832 3147 942 3230 Eurip.
962 3143 1109 3211 'Troades
1133 3145 1273 3211 Wolfius

163 3243 258 3309 Auai.
289 3245 347 3310 litt.
381 3246 418 3310 ΙΙ.
442 3269 473 3331 p.
494 3249 557 3311 439
587 3249 724 3313 suadere
751 3250 889 3332 videtur,
921 3270 961 3312 an
986 3250 1142 3333 omittere,
1176 3271 1274 3333 quum

163 3349 355 3429 praesertim
376 3351 449 3433 ipsa
469 3371 533 3413 non
553 3362 628 3413 ante
647 3350 786 3414 medium
808 3351 877 3414 fere
895 3371 1021 3434 aevum,
1046 3352 1133 3435 quod
1149 3346 1275 3433 etipse

163 3451 306 3519 Woifius
329 3457 512 3541 significare
535 3457 663 3519 videtur
685 3477 716 3538 p.
738 3456 812 3537 442,
836 3456 963 3518 inventa
988 3476 1063 3518 esse
1086 3454 1199 3537 possit.
1232 3451 1275 3516 Ut

163 3556 242 3622 nihii
255 3560 353 3643 igitur
368 3559 401 3622 id
416 3561 542 3645 signum
564 3578 733 3622 commune
747 3577 822 3621 curu
840 3557 993 3621 coronide
1008 3558 1137 3640 antiqua
1152 3554 1283 3638 habuit,

163 3664 206 3725 ita
231 3663 327 3725 etiam
357 3662 460 3726 forma
482 3663 523 3726 ab
546 3683 584 3726 ea
605 3663 767 3724 diversum
798 3659 867 3741 tuit,
900 3659 1058 3743 siquidem
1088 3657 1129 3721 ab
1157 3656 1273 3720 inflexa

163 3765 269 3850 figura
288 3767 321 3828 in
343 3766 478 3829 sormam
510 3763 702 3830 semicirculi
725 3763 857 3826 ductum
889 3772 954 3842 est,
989 3779 1053 3844 quo
1088 3760 1208 3825 facturn
1240 3771 1275 3823 ut
1379 3787 1382 3794 ·

127 3868 128 3871 ’
164 3869 286 3951 passim
316 3887 374 3951 pro
397 3870 511 3952 spiritu
534 3869 608 3951 leni,
633 3880 667 3931 ut
689 3876 798 3930 monet
819 3864 998 3947 Seidierus,
1022 3873 1054 3926 et
1069 3862 1219 3926 habitum
1243 3872 1296 3926 et.>

165 3989 205 4034 eo
236 3971 365 4033 nomine
399 3970 593 4054 appellatum
625 3973 676 4035 sit.
721 3965 914 4053 Cognatum,
947 3968 1017 4031 sive
1045 3968 1181 4052 figuram
1204 3967 1281 4030 sive-

165 4081 359 4155 potestatem
382 4083 531 4158 spectes,
566 4073 713 4157 quamvis
747 4089 811 4133 non
833 4069 919 4132 idern
941 4070 1069 4154 signum
1092 4077 1153 4147 est,
1187 4058 1281 4152 quod

164 4171 249 4257 ὑφέν,
279 4171 409 4258 συναφὴν
442 4173 495 4239 vel
525 4176 621 4239 etiam
654 4169 809 4255 συνάφειαν
840 4171 1040 4256 grammatici
1073 4170 1201 4252 dixere,
1233 4167 1274 4232 ad

165 4276 349 4364 copulanda
369 4276 443 4343 hina
464 4276 623 4363 vocabula
652 4295 748 4344 unam
776 4277 940 4366 notionem
970 4274 1139 4343 efficientia
1165 4273 1279 4370 iuven-¹
