2902 4822
734 444 813 528 238

216 648 389 736 Epist'ad
416 648 462 715 lt
484 646 581 713 Osee.
602 646 626 710 l.
648 666 680 731 p.
704 644 755 711 to.
778 643 887 728 Rom,
916 641 974 709 ubi
995 636 1099 728 'quum
1123 642 1332 729 antiquomm

216 757 337 839 scripte
358 752 528 839 quaedem,
560 760 596 816 ut
617 748 722 835 Ennii,
757 747 959 821 anonuullis
983 748 1108 813 'criticis
1129 738 1335 834 sne-grans
1357 790 1361 795 -

216 860 341 925 maticis
362 858 471 944 aliquo
493 856 592 923 modo
608 864 749 921 'tractata
773 853 924 919 dicuntur
944 851 1052 934 (locus
1074 859 1127 916 est
1140 850 1330 931 lacunosns,

215 972 253 1028 ut
287 963 386 1028 cuius
414 962 544 1047 generis
573 959 627 1025 illa
660 954 812 1024 tractatio
841 958 956 1040 luerit,
989 955 1128 1041 liquido·
1144 976 1232 1022 nuuc
1263 948 1358 1021 iton¹

215 1067 370 1149 constet),
392 1066 455 1131 lros
476 1067 562 1129 inter
581 1054 677 1149 etiam
699 1061 813 1127 Aelius
841 1060 971 1146 quidam
999 1061 1087 1127 nude
1107 1058 1335 1144 laudaturae

216 1170 330 1235 ordine
351 1169 482 1255 quidem
505 1177 580 1232 ante
602 1168 746 1232 Atticum
768 1175 801 1229 et
822 1162 994 1249 Nepotem,
1017 1164 1105 1230 unde
1124 1174 1229 1249 petet,
1251 1152 1333 1229 eun'i

216 1272 288 1337 dem
310 1283 401 1338 certe
422 1271 560 1355 Aelium,
597 1271 781 1361 quicunque
801 1268 908 1353 merit,
937 1271 967 1333 si
998 1269 1099 1335 mode¹
1119 1252 1334 1358 eqncedstur,

215 1376 358 1461 antiquis
372 1396 447 1441 eum
464 1374 713 1441 adscribendum
731 1394 817 1465 esse,
839 1382 906 1438 tam
924 1372 977 1438 laic
1000 1386 1096 1458 quem
1110 1370 1145 1439 ln
1156 1364 1332 1440 Aneclluts

215 1482 430 1568 significatum
459 1498 543 1544 esse.
587 1478 779 1565 Praeposito
810 1479 909 1564 igitur
936 1489 1072 1562 propter
1103 1478 1256 1543 nominis
1263 1476 1334 1542 mel

215 1587 311 1650 etiam
333 1590 454 1669 operae
477 1585 594 1648 eximie
614 1584 790 1671 praestitae
816 1581 934 1646 lernam
949 1579 1121 1665 ¹Varrone,
1154 1583 1189 1646 iu
1209 1582 1333 1647 ceteris

214 1689 432 1775 grammaticis
445 1674 681 1773 personemus
696 1700 795 1772 quum
808 1687 934 1770 aetatis,
957 1706 1022 1771 qua
1034 1687 1175 1771 quisque
1190 1672 1335 1771 degerit,-

214 1794 297 1857 ratio
331 1791 443 1857 heberi
463 1792 636 1875 ¹videatur,
670 1791 908 1856 consectarium
942 1800 1010 1873 est,
1045 1799 1081 1855 ut
1114 1790 1149 1854 in
1180 1788 1333 1875 reliquiis

214 1897 394 1980 scripturae
414 1904 526 1979 aperte
546 1882 722 1979 mendosis,
745 1914 829 1981 quae
847 1894 1000 1959 contiuuo
1014 1894 1330 1991 sequuntur,·lromi-

213 2000 264 2065 nis
296 2018 414 2064 nomen
444 1997 559 2085 lateat,
593 1998 731 2065 laudatis
760 1998 914 2083 iunioris,
948 2017 1045 2083 quem
1073 1995 1209 2084 Bergkii
1229 1996 1329 2063 facile

215 2102 430 2168 divinaturum
452 2103 568 2168 fuisset
585 2123 736 2185 acumen,
758 2103 822 2166 nisi
843 2101 914 2167 aliis
931 2104 1121 2168 commentis
1133 2106 1334 2187 occupatum·-

214 2208 314 2275 esset.
357 2203 491 2271 Scilicet
517 2207 662 2293 Aquilae
683 2204 841 2271 delilescit
862 2225 998 2290 nomen,
1032 2206 1236 2293 qui-lsidor'o
1256 2226 1335 2291 mr·

213 2330 272 2376 sus
294 2319 378 2375 teste
399 2307 421 2374 l.
440 2308 463 2373 l.
485 2308 686 2375 inveniendis
708 2311 803 2374 novis
824 2311 910 2374 notis
931 2310 1248 2398 eiusdemgeneris,
1261 2328 1328 2397 quo

213 2423 408 2498 occupatum
441 2412 611 2479 didicimus
640 2412 779 2478 Ennium
808 2413 898 2479 illum
920 2416 1078 2481 minorem
1099 2415 1214 2500 luisse,
1229 2422 1233 2431 “
1247 2434 1329 2500 ope·

212 2538 281 2582 ram
314 2516 445 2587 dedisse
478 2504 613 2603 dicitur,
648 2519 693 2582 ita
726 2527 763 2581 ut
797 2517 886 2602 quod
915 2517 957 2583 de
986 2518 1050 2585 hoc
1077 2518 1204 2584 notario
1225 2534 1333 2602 supm'

211 2621 367 2685 monitum
389 2630 451 2704 est,
474 2622 570 2686 ιιίιιιι
591 2620 626 2685 iu
647 2620 798 2706 Aquilam
819 2619 934 2686 velent
979 2622 1043 2707 Qui
1069 2642 1169 2709 ιιιιιιιι
1188 2620 1325 2687 libertus

211 2721 409 2789 Maecenatis
431 2723 471 2790 ab
492 2722 619 2789 Isidoro
640 2723 832 2810 appelletur,
854 2744 920 2804 ιιοιιΙ
941 2736 1051 2811 potest
1077 2746 1152 2811 csse
1173 2725 1325 2791 diseretis

211 2826 370 2892 aliberto
392 2846 444 2914 eo,
467 2818 527 2913 per
548 2848 645 2915 quem
667 2839 762 2894 notas
784 2824 943 2914 quaedum
963 2829 1047 2896 tales
1068 2851 1088 2896 a
1115 2850 1157 2900 se·
1174 2831 1329 2896 inventus·

210 2929 383 2998 Maecenas
406 2932 594 3020 divulgasse
615 2932 792 2999 traditura
806 2931 971 3018 Xiphilino
992 2932 1077 3019 Epit
1095 2934 1192 3002 Dion.
1213 2932 1326 3021 pato

210 3036 262 3100 ed.
296 3035 449 3126 Sylburg.
477 3035 529 3104 καὶ
549 3044 669 3125 πρῶτος
702 3033 810 3123 σημεῖά
836 3060 898 3103 τινα
919 3034 1097 3124 γραμμάτων
1130 3036 1210 3126 πρὸς
1228 3034 1325 3121 τάχος

211 3136 322 3225 Recipe,
354 3138 404 3207 καὶ
434 3138 510 3208 αὐτὰ
543 3139 593 3209 διὰ
610 3138 727 3210 ’Audito
749 3139 952 3229 ἀπελευθέρου
985 3142 1114 3227 συχνοὺς
1143 3128 1328 3217 ιέιόίδαειν·

210 3245 273 3308 nisi
295 3245 541 3330 quodpatrono
563 3248 773 3335 tribuebatur,
795 3246 831 3311 id
851 3233 988 3312 lrliertus
1010 3248 1092 3331 eius,
1115 3246 1323 3333 quaelionis

209 3344 440 3435 Maecenatp.
453 3350 496 3416 35
518 3351 568 3416 ed.
588 3351 644 3417 alt.
667 3352 853 3417 coniectura
875 3360 937 3436 est,
960 3352 1140 3435 perfecisse
1159 3336 1323 3436 putandus
1349 3364 1352 3369 ·

210 3463 270 3519 est
314 3453 409 3522 Hunc
430 3456 594 3543 Aquilam,
617 3478 714 3543 quem
735 3446 1038 3551 distinguendum'e
1059 3456 1191 3529 rhetore
1202 3452 1324 3541 Aquila

209 3557 356 3624 Romano
388 3570 479 3627 recte
518 3560 676 3647 praecipit
708 3560 948 3627 Lindemannus
985 3560 1028 3627 ad
1060 3559 1204 3642 Probum
1243 3558 1321 3623 lust

209 3683 346 3747 gramm.
366 3686 399 3750 p.
412 3666 476 3731 120
496 3665 544 3750 ²),
578 3664 737 3752 siquidem
758 3666 788 3731 is
810 3675 887 3751 post
914 3674 1062 3750 tempora
1083 3665 1323 3733 Antoninorum

262 3872 293 3938 2)
311 3868 400 3936 Quem
420 3870 519 3947 lulium
545 3870 684 3951 Aquilam,
699 3872 758 3944 'qni
781 3871 818 3926 de
847 3868 964 3924 Etrusca
990 3867 1138 3942 disoiplina
1167 3867 1323 3940 comperit,

283 3956 519 4025 Lindemannus
541 3957 632 4033 obiter
651 3957 736 4014 all'crt
757 3975 792 4013 ex
815 3955 898 4011 Plinii
917 3956 951 4024 ll,
971 3957 1013 4023 11,
1030 3955 1078 4011 ubi
1099 3954 1323 4013 nullatemus

313 4046 358 4100 rei
374 4047 476 4101 mentio
495 4052 586 4102 exstat
602 4042 711 4113 (noluit,
728 4047 852 4118 opinor,
854 4043 941 4099 citere
960 4043 1070 4099 ludices
1081 4051 1225 4100 aucturum
1237 4041 1258 4097 li
1258 4040 1322 4097 liro·

312 4147 373 4186 rum
390 4132 415 4187 ll
433 4140 460 4187 et
473 4132 534 4203 tx),
552 4148 614 4188 eum
632 4132 695 4188 ideo
712 4133 796 4189 nolim
815 4147 917 4188 cumr
896 4129 996 4185 liberto
1014 4128 1186 4199 llqecenetie
1202 4126 1322 4185 eundem

314 4224 422 4292 putare,
440 4221 569 4291 quonism
586 4234 602 4272 a
617 4217 683 4274 telis
701 4217 866 4274 conditionis
883 4215 993 4272 homine
1005 4192 1079 4271 hand
1097 4214 1141 4273 les
1154 4194 1325 4271 c'rellid'e'iirn

317 4304 452 4361 eiusmodi
478 4298 682 4376 argumentum,
707 4304 800 4376 quelle
824 4310 869 4362 est
892 4301 1038 4378 dnupdns
1059 4300 1185 4372 mum,
1201 4290 1325 4359 metuit
