2902 4822
221 661 388 751 ἀστερίσκιμ
411 700 452 712 -
477 668 534 747 ><·
557 659 706 747 ἀντίσιγμα
732 679 772 746 3·
810 661 930 745 κεραία·
962 642 988 722 οἶ
1016 668 1068 725 τοῦ
1103 643 1127 726 οἶ
1150 668 1176 738 ν.
1195 665 1238 750 ²tf
1258 645 1283 727 ὦ
1306 665 1333 744 ³)

222 765 343 851 πλάγιον
376 785 414 853 3.

307 868 345 936 Ἣ
374 871 426 957 μὲν
449 867 499 938 οὖν
518 873 547 953 ⁴)
571 872 660 955 διπλῆ
681 865 804 952 καθαρὰ
834 885 868 936 >·
898 864 1074 951 παράκειται

317 992 352 1043 >·
381 975 459 1060 πρὸς
479 976 530 1059 ι’ἠν
552 974 633 1047 ἅπαξ
651 969 804 1058 εἰρημένην
827 968 918 1045 λέξιν

317 1095 352 1146 >·
382 1078 459 1166 πρὸς
479 1079 530 1163 την
552 1085 605 1154 τοῦ,
626 1084 748 1160 ποιητοῦ
770 1075 940 1160 συνήθειαν·

317 1198 351 1249 >·
380 1183 458 1269 πρὸς
479 1183 548 1257 τοὺς
569 1179 716 1264 λέγοντας,
739 1181 779 1264 μὴ
802 1175 877 1244 εἶναι
897 1186 948 1246 τοῦ
977 1175 1068 1244 airas
1089 1188 1211 1265 ποιητοῦ
1232 1177 1336 1246 lintea

225 1284 275 1351 καί
293 1282 488 1352 Ὀδύσσειαν·

318 1407 352 1458 >·
380 1391 458 1475 πρὸς
479 1389 532 1464 τὰς
553 1397 612 1455 τῶν
634 1391 768 1454 παλαιῶν
790 1386 933 1472 ἱστορίας·

317 1514 351 1565 >-
380 1494 459 1579 πρὸς
479 1492 532 1568 τὰς
553 1502 612 1559 τῶν
632 1491 706 1559 νέων
728 1488 876 1575 ἐκδοχοίς·
898 1492 926 1572 ⁵)

317 1615 351 1666 >=
381 1595 459 1680 πρὸς
478 1596 529 1679 τὴν
546 1589 682 1680 Ἀττικὴν
705 1593 848 1668 σύνταξιν·

317 1717 356 1768 >r
381 1698 459 1782 πρὸς
480 1698 530 1781 τίην
552 1697 722 1783 πολὺσημον
744 1694 830 1770 λέξιν.

314 1797 396 1883 Πρὸς
417 1797 469 1883 μὲν
492 1795 542 1864 οὖν
564 1800 614 1882 τὴν
637 1798 717 1872 ἅπαξ
739 1796 890 1884 εἰρημένην
915 1798 1009 1874 λέξιν·
1049 1820 1083 1871 >-
1113 1798 1204 1866 Μάντι
1223 1809 1336 1885 κακῶν,

226 1902 261 1970 οὔ
289 1899 412 1967 πώποτέ
433 1925 482 1986 μοι
503 1901 537 1966 τὸ
560 1903 738 1968 ΚΡΗΓΥΟΝ
762 1898 857 1976 εἶπες·
875 1904 902 1984 ⁰)
932 1902 1012 1978 ἅπαξ
1034 1902 1091 1988 γὰρ
1115 1903 1236 1990 εἴρηται.
1281 1902 1339 1970 Καὶ

227 2003 276 2070 ἐπὶ
297 2012 356 2069 τῶν
378 2006 489 2069 λοιπῶν
513 2005 641 2089 σημείων
666 2003 809 2079 ὡσαύτως
830 2009 857 2076 'l
881 2004 908 2072 ἃ,
924 2010 967 2072 δεῖ
988 2005 1107 2075 τιθέναι.
1221 2019 1227 2030 ’

431 2099 483 2171 Ἐν
506 2105 591 2192 ἄλλῳ
615 2104 723 2180 οὕτως.

314 2208 363 2275 Τὰ
385 2207 602 2294 παρατιθέμενα
630 2218 691 2284 τοῖς
718 2205 893 2294 Ὁμηρικοῖς
915 2212 1026 2295 στίχοις
1055 2221 1162 2297 σημεῖα
1183 2210 1339 2294 ἀναγκαῖον

228 2319 335 2394 γνῶναι
355 2310 425 2385 τοὺς
447 2307 684 2395 ἐντυγχάνοντας·
708 2306 763 2376 εἰσὶ
785 2310 939 2380 δὲταῦτα.

281 2487 433 2557 2)1raap.
460 2486 594 2545 Siehenk.
618 2488 766 2556 vulgatum,
783 2487 838 2541 nisi
856 2484 929 2556 qnod
957 2486 1041 2540 edidit
1068 2505 1147 2562 νερια,
1175 2491 1253 2543 onius
1276 2488 1340 2543 loco

332 2571 506 2643 Tychsenins
528 2590 555 2643 p.
575 2575 610 2622 72
626 2571 712 2644 κεραία
730 2570 906 2625 scribendum
930 2576 1006 2623 recte
1024 2575 1173 2641 proposuit,
1197 2580 1292 2627 cetera
1309 2591 1341 2628 se
1420 2610 1432 2637 ς

333 2673 389 2710 non
406 2657 562 2726 intelligere
581 2655 734 2711 consessus.
771 2656 879 2710 Villois.
903 2654 975 2730 κιρίμ
993 2675 1010 2708 α
1026 2663 1067 2708 τοῦ
1086 2675 1102 2709 α
1119 2663 1144 2722 l,
1176 2657 1250 2728 qnod
1268 2657 1341 2712 haud

333 2740 449 2812 planius.
494 2740 567 2807 Quid
591 2740 644 2794 hoc
669 2740 703 2794 de
726 2741 789 2795 loco
803 2739 994 2824 ,probabiliter
1020 2741 1189 2796 censendum
1212 2743 1259 2807 sit,
1285 2740 1342 2797 dixi

335 2831 362 2895 s.
378 2831 420 2880 το.

283 2929 313 2990 3)
332 2925 441 2980 Villois.
457 2925 493 2992 Ω,
512 2923 660 2994 exipsius,
679 2930 800 2994 utputo,
822 2923 944 2981 arbitrio.
980 2923 1050 2978 Nam
1069 2933 1163 2980 auctor
1181 2925 1268 2980 libelli
1287 2940 1342 2977 non

334 3013 421 3084 potnit
443 3028 497 3065 non
519 3011 701 3065 recentiorem
726 3008 807 3064 huius
831 3011 937 3067 litterae
960 3011 1074 3066 sormam
1101 3034 1122 3065 o
1140 3013 1168 3065 in
1186 3020 1275 3066 mente
1294 3009 1341 3065 hu·

334 3095 672 3172 mmffisswmst

284 3193 313 3260 4)
332 3191 422 3247 Abest
441 3189 516 3246 odra
539 3189 690 3255 Siebenk.,
717 3206 780 3245 mox
799 3190 937 3260 signorum
956 3196 1059 3261 figuras
1078 3194 1219 3246 omittente
1237 3207 1341 3245 omnes.

284 3287 313 3356 6)
333 3287 394 3343 Ηοσ
412 3287 479 3360 qnid
503 3288 540 3341 sit
564 3303 619 3340 non
642 3289 710 3341 satis
737 3287 886 3358 perspicio,
914 3289 969 3343 nisi
991 3288 1180 3358 intelliguntur
1203 3288 1343 3342 recentio-

336 3391 395 3428 rum
417 3369 575 3429 criticorum
593 3375 846 3444 interpretationes,
868 3377 979 3444 corpori
997 3376 1253 3428 commentariorum
1271 3373 1343 3426 anti·

338 3464 461 3534 quiornm
487 3460 690 3531 superadditae,
714 3460 812 3515 eodem
837 3461 916 3515 vocis
940 3477 1034 3526 sensu,
1051 3460 1086 3514 de
1106 3476 1160 3531 qno
1179 3459 1344 3531 disputatum

336 3553 365 3604 in
382 3547 515 3619 Stephani
532 3545 614 3602 Thes.
634 3545 661 3601 h.
679 3564 706 3602 v.
723 3547 768 3604 ed.
788 3547 876 3604 Paris.
900 3548 948 3602 uhi
966 3550 992 3603 si
1015 3547 1145 3620 Polybius
1163 3549 1190 3600 in
1210 3547 1344 3617 antiquis-

339 3638 418 3690 simis
446 3636 507 3688 eins
524 3634 733 3704 significationis
751 3635 868 3691 testibus
891 3636 1012 3703 affertur,
1036 3635 1183 3691 notandum
1205 3631 1347 3705 ἐκδέχεσθαι

337 3723 434 3777 eadem
452 3723 480 3776 ri
498 3721 569 3792 apud
588 3722 669 3789 longe
687 3725 858 3794 antiquiores
877 3725 904 3777 in
922 3740 974 3778 usu
992 3722 1089 3776 inisse.
1108 3719 1143 3774 V.
1156 3718 1292 3779 Valclren·
1309 3718 1346 3772 ad

338 3806 441 3861 Phoen.
457 3809 509 3858 462
535 3805 684 3863 Praeterea
696 3807 768 3861 conf.
779 3807 874 3866 Schol.
892 3809 960 3864 Ven.
974 3808 1051 3864 Iliad.
1063 3827 1080 3875 ι,
1094 3811 1153 3864 342.
1166 3810 1224 3860 tot.
1239 3825 1265 3877 p,
1283 3809 1344 3861 296.

337 3911 360 3958 ν,
377 3894 437 3944 450.
456 3909 479 3959 o,
498 3895 557 3948 127.
576 3891 599 3958 Ε,
619 3896 677 3949 246.
696 3913 720 3959 ν,
739 3896 797 3948 114.
816 3891 912 3950 Schol.
931 3892 1033 3966 Odyss.
1050 3896 1076 3959 o,
1097 3895 1155 3945 166.
1173 3890 1264 3962 Supra
1278 3910 1304 3962 p.
1319 3894 1346 3944 3.

288 3988 316 4054 6)
336 3988 412 4042 lliad.
430 4008 456 4056 ιι,
477 3991 535 4054 106,
561 3989 608 4043 ubi
626 3990 690 4042 olim
709 3989 809 4061 diplom
827 3993 976 4062 appositam
1003 3988 1100 4057 fuisso,
1135 3987 1233 4044 docent
1259 3987 1345 4042 verba

341 4074 434 4129 Schol.
451 4073 567 4150 κρήγυον
586 4075 623 4128 ὅτι
640 4074 706 4137 ἅπαξ
725 4074 817 4151 εἴρηται
833 4075 860 4129 τὸ
878 4075 990 4152 κρήγυον.

289 4179 318 4240 7)
337 4172 375 4226 lta
393 4171 503 4227 Vitlois.
521 4187 556 4225 ex
575 4175 741 4239 coniectura,
759 4180 788 4226 nt
806 4173 925 4230 videtur.
960 4176 1041 4232 Certe
1061 4172 1194 4230 Siehenk.
1212 4172 1245 4232 ὼς
1263 4169 1346 4236 odron,

340 4258 390 4313 sed
409 4258 534 4312 adnotata
551 4261 722 4314 correctione
742 4258 862 4319 ὡσαύτως.
