2902 4822
676 449 755 528 i&

161 641 403 710 Platonicorum
433 643 601 727 signorum
628 651 800 708 auctorem
828 643 932 712 fnisse
964 649 1121 732 suspicati
1149 667 1273 731 sumne,

163 748 327 812 inventum
359 759 420 829 est,
457 745 647 811 Aristarcho
681 757 779 831 certe,
813 759 848 812 ut
870 768 931 814 suo
959 751 1033 816 loco
1062 753 1273 832 ostendimus,

163 852 253 934 prius
272 851 340 914 suit.
381 849 433 914 De
450 850 620 934 antisigma
638 869 733 933 puro,
758 852 846 936 quod
863 855 984 936 pariter
1002 855 1153 940 ignorant
1171 853 1275 919 Subc-

163 955 205 1019 lia
227 954 364 1037 Veneta,
386 954 592 1020 Anecdotum
614 951 724 1019 Rom:
757 971 784 1037 Ο
805 954 840 1019 τὸ
863 954 898 1021 δὲ
920 953 1071 1041 ἀντίσιγμα
1092 950 1160 1022 καθ’
1185 953 1274 1022 tamt

163 1056 240 1142 πρὸς
261 1058 329 1133 τοὺς
349 1055 579 1143 ἐνηλλαγμένως
599 1053 709 1131 τόπους
722 1056 772 1122 καὶ
786 1055 961 1145 ἀπᾴδοντας.
996 1060 1176 1126 Venetum:
1199 1059 1274 1143 ond

166 1161 199 1226 tl
220 1157 288 1228 καθ’
313 1162 400 1227 ἑαυτὸ
423 1158 575 1244 ἀντίσιγμα
596 1159 672 1245 πρὸς
693 1161 762 1235 τοὺς
785 1159 1017 1247 ἐνηλλαγμένως
1037 1159 1148 1237 τόπους
1167 1160 1273 1246 καὶμὴ

166 1267 350 1354 συνᾴδοντας.
394 1264 578 1329 Parisiense
599 1285 630 1347 p.
654 1266 713 1328 86:
759 1283 803 1347 νς)
826 1268 995 1351 antisigma
1025 1267 1206 1350 ponebatur
1232 1266 1273 1330 ad

165 1390 223 1435 eos
245 1389 373 1450 versus,
405 1388 543 1452 quorum
572 1367 654 1432 ordo
681 1367 914 1452 permutandus
944 1379 1032 1434 erata
1063 1368 1275 1453 similiterque

164 1473 308 1538 lsidorus
329 1473 353 1554 l,
377 1473 429 1552 20,
454 1472 504 1534 12.

250 1575 301 1639 De
323 1576 492 1658 antisigma
514 1573 628 1659 figura,
653 1595 748 1658 quam
769 1577 832 1640 iarn
854 1595 954 1659 supra
976 1576 1067 1659 tetigi
1079 1573 1107 1655 ξ.
1121 1575 1174 1658 39,
1198 1594 1274 1639 con·

165 1680 324 1744 troversia
357 1678 445 1742 nulla
479 1698 554 1743 esse
585 1686 705 1760 potest,
739 1678 999 1763 quandoquidem
1027 1680 1133 1761 ipsum
1156 1696 1274 1743 nomen

165 1783 308 1861 ostendit
329 1782 431 1846 luisse
453 1782 625 1845 formatum
647 1797 685 1863 0,
709 1780 804 1865 quale
825 1792 858 1846 et
880 1783 942 1865 ipsi
964 1780 1107 1862 codices,
1131 1782 1274 1866 quinon

165 1888 323 1969 imperitia
345 1885 549 1949 librariorum
571 1885 715 1967 corrupti
736 1896 828 1966 sunt,
853 1885 1014 1966 exhibent,
1037 1896 1274 1968 transumptum

165 1990 240 2053 inde
261 1987 357 2070 illud,
392 1989 538 2071 quamvis
560 1986 690 2052 diversa
711 1998 889 2070 potestate,
919 2007 939 2051 a
962 1987 1098 2052 Claudio
1121 1986 1273 2067 Caesare,

165 2093 283 2178 quiec
305 2092 400 2176 signo
422 2090 545 2154 litteras
562 2089 614 2153 PS
636 2089 789 2153 Romanis
812 2091 1002 2155 scribendas
1024 2090 1274 2171 commendaret,

165 2194 217 2259 vel
239 2196 358 2278 potius,
381 2204 416 2258 ut
439 2213 513 2258 cum
534 2192 647 2258 Tacito
669 2193 753 2258 Anu.
773 2193 829 2275 Xl,
854 2194 896 2256 14
918 2193 1042 2278 loquar,
1065 2194 1275 2276 imperitaret,

164 2309 249 2362 teste
271 2297 436 2361 Prisciano
460 2297 482 2361 l.
506 2318 536 2380 p.
560 2298 625 2362 558
647 2296 698 2376 (Τ.
718 2297 740 2359 Ι.
758 2299 844 2380 p.40
865 2295 1005 2380 Krehl):
1032 2295 1164 2360 »Huius
1183 2315 1276 2379 prae·
1384 2364 1385 2383 γ

165 2403 295 2485 ponitur
311 2421 354 2485 p,
384 2410 416 2463 et
449 2400 523 2465 loco
547 2404 568 2483 ψ
591 2419 729 2484 graecae
751 2399 910 2483 fungitur,
944 2418 1004 2483 pro
1034 2419 1098 2484 qua
1120 2399 1275 2464 Claudius

169 2503 299 2569 Caesar⁴
312 2504 491 2588 antisigma,
514 2501 587 2583 OC,
619 2501 681 2566 bac
701 2502 805 2585 figura
827 2502 926 2567 scribi
952 2501 1063 2566 voluit.
1107 2501 1174 2566 Sed
1196 2503 1276 2568 nulli

168 2610 240 2673 susi
272 2619 347 2672 sunt
377 2608 539 2689 antiquam
561 2606 754 2688 scripturam
777 2619 930 2671 mutare«
978 2605 1051 2687 Quo
1075 2604 1150 2670 loco
1172 2605 1276 2671 Kreb-

150 2710 231 2776 ‘lius
260 2731 358 2795 quum
381 2710 552 2793 avulgata
574 2707 672 2771 nihilo
709 2708 928 2791 discessisset,
963 2728 1047 2773 anno
1079 2722 1155 2793 post
1184 2731 1221 2775 ne
1242 2712 1276 2774 in

167 2813 335 2878 Analectis
365 2812 468 2877 Tomo
501 2811 659 2878 Prisciani
688 2813 739 2876 sui
771 2811 874 2875 altero
903 2811 1058 2880 subiectis
1086 2834 1117 2896 p.
1139 2814 1204 2878 tto
1225 2832 1276 2877 re·

167 2927 314 2999 tractata,
346 2917 526 2999 eodemque
559 2936 643 2980 anno
671 2918 791 2984 iterum
824 2913 949 2978 scilicet
986 2926 1121 2998 propter
1150 2918 1207 2998 rei,
1240 2926 1277 2979 ut

168 3022 295 3104 opinor,
318 3021 491 3084 novitatem
514 3021 545 3083 in
567 3018 703 3102 Ephem.
724 3018 782 3082 litt.
804 3017 891 3100 Lips.
910 3016 971 3081 No.
991 3019 1041 3082 62.
1063 3039 1095 3101 p.
1109 3020 1174 3083 496
1197 3039 1276 3103 pen-

168 3124 273 3207 sitnta,
306 3122 473 3187 Prisciano
495 3123 687 3206 praesertim
718 3132 852 3204 propter
874 3120 1023 3186 codicum
1045 3132 1100 3185 aut
1122 3125 1276 3188 anticima

167 3211 223 3293 nut
247 3228 414 3291 antissitna
434 3227 658 3310 praebentium
680 3244 894 3306 consensum,
925 3243 985 3307 pro
1011 3226 1187 3313 antisigma
1206 3228 1276 3291 'rin-

167 3330 338 3396 dicandum
362 3349 436 3395 esse
458 3326 592 3413 ἀντίσιμα
613 3328 786 3393 ostendere
809 3337 945 3392 conatus
968 3340 1036 3411 est,
1069 3330 1162 3396 cuius
1185 3330 1276 3393 vocis

166 3433 309 3499 conditio
332 3435 400 3517 ipsa
423 3433 545 3518 figurae
567 3431 666 3517 vulgo
688 3433 720 3494 in
744 3441 932 3497 contextum
959 3442 1133 3514 susceptae
1156 3433 1277 3514 optime

166 3537 364 3600 conveniret.
407 3532 467 3600 His
502 3533 625 3599 Kreblii
658 3536 846 3598 commentis
876 3535 919 3598 ita
954 3533 1030 3597 olim
1062 3536 1217 3617 respondi
1244 3536 1277 3611 in

166 3637 321 3703 Seebodii
349 3636 451 3711 Misc„
464 3639 533 3703 erit.
557 3636 596 3703 V.
625 3637 649 3704 l.
670 3659 702 3721 p.
725 3638 776 3701 83.
804 3657 871 3720 sq„
902 3646 939 3701 ut
964 3635 1051 3701 nulla
1073 3638 1135 3700 iam
1157 3638 1212 3706 ref
1262 3671 1277 3699 a

166 3743 255 3805 tione
284 3761 367 3824 opus
396 3739 555 3823 videatur,
589 3761 686 3825 quum
719 3741 911 3823 praesertim
941 3740 1057 3804 eodem
1079 3759 1174 3823 anno,
1211 3761 1275 3826 quo

166 3863 240 3908 mea
272 3844 447 3908 confutatio
481 3846 513 3907 in
544 3845 650 3908 lucem
682 3844 800 3908 emissa
830 3852 898 3926 est,
934 3841 1056 3907 Kreblii
1086 3845 1276 3916 sententiam

165 3946 284 4030 partim
313 3944 427 4010 iisdem
454 3949 571 4031 partim
602 3947 672 4011 aliis
695 3946 892 4035 argumentis
922 3947 1112 4030 impugnare
1141 3944 1277 4012 viderim

165 4049 325 4112 Prisciani
347 4070 463 4115 recens
486 4050 562 4114 editi
585 4069 753 4115 censorem
780 4048 913 4134 prem.
943 4048 1000 4112 litt.
1032 4048 1276 4120 lenens.1822.
1372 4133 1375 4137 ,

165 4151 231 4216 No:
252 4150 327 4217 236.
349 4174 382 4237 ρ.
402 4154 483 4218 43οτ
506 4154 611 4237 quisi
632 4154 744 4238 glossa
766 4154 872 4238 aliqua
894 4154 1005 4218 nescio
1028 4152 1114 4217 unde
1135 4165 1276 4237 arrepta,

166 4272 235 4341 qna
252 4257 431 4340 antisigma
457 4256 563 4342 figura
589 4255 772 4343 explicatur
805 4256 869 4324 dno
899 4260 1072 4324 conantia
1099 4255 1160 4322 ster·
1183 4257 1276 4342 uma,
