2902 4822
709 425 761 500 54

164 618 240 685 cicc
254 620 283 702 ⁴)
307 616 341 682 bl
363 617 419 704 τήν,
436 615 753 705 cipi-:ctuchriptum
774 616 862 685 enim
883 615 961 679 olim
982 616 1178 699 Παμφυλίοιι
1203 620 1291 704 qrrod

178 729 384 807 veregenus
407 721 448 786 ab
470 721 550 786 urbe
563 720 682 786 indica
702 728 865 804 repetunt,
888 718 921 783 id
944 736 1056 782 errore
1083 731 1292 805 potestesse

177 824 298 888 factum
309 824 571 889 confundentium
582 823 791 908 Pamphyliae
806 821 908 886 Sidon
922 841 997 885 cum
1012 825 1206 907 cognomine
1216 823 1291 891 lacu

178 925 299 1010 Indiae,
323 936 575 995 commemorato
593 926 744 992 a⁴Ctesia
760 925 848 1010 apud
869 924 951 987 Plin.
973 921 1015 991 H.
1032 922 1073 990 N.
1096 925 1219 1010 xxxi,
1236 927 1291 999 te.

162 1027 274 1094 =Hunc
303 1031 367 1094 iam
400 1031 604 1095 Mnemcnem
626 1050 779 1094 narrasse
812 1026 957 1092 nonnulli
991 1025 1141 1093 dicuntur
1159 1027 1292 1112 -Epidc

163 1133 316 1197 mierum
338 1133 456 1199 librum
478 1135 626 1216 tertium,
661 1153 756 1217 quem
780 1153 822 1196 ex
849 1130 1070 1195 Alexandrina
1095 1131 1292 1199 bibliotheca

178 1236 242 1300 sibi
253 1235 492 1301 commodatum
507 1236 685 1316 habuisset,
702 1235 788 1299 notis
805 1234 868 1298 illis
881 1233 1066 1299 distinctum
1082 1237 1290 1319 reposuisse:

177 1338 241 1421 alii,
264 1338 381 1402 librum
395 1339 444 1402 ab
467 1340 539 1422 ipso
561 1345 707 1401 notatum
730 1357 771 1401 ex
790 1335 980 1421 Pamphylia
1002 1337 1161 1420 attulisse,-
1182 1336 1292 1405 Ptole·

177 1461 335 1527 maooque
370 1442 525 1507 librorum
564 1443 707 1506 cuiusvis
744 1443 874 1526 generis
907 1440 1096 1506 avidissimo
1136 1444 1290 1526 cessisse,

112 1599 113 1602 ,
178 1544 254 1609 dum
277 1545 330 1609 alii
352 1548 383 1611 ei
405 1545 583 1629 exemplari
605 1546 710 1609 solum
722 1546 904 1609 Mnemonis
927 1561 1055 1629 nomen,
1078 1565 1145 1610 non
1166 1547 1291 1613 adiecta

178 1647 243 1711 ulla
264 1658 413 1712 notarum
436 1650 580 1712 auctoris
602 1649 775 1730 mentione,
798 1647 997 1729 adscriptum
1024 1649 1160 1730 reperiri
1181 1668 1292 1715 mone-

133 1807 137 1818 .
178 1760 260 1814 rent.
304 1750 364 1814 llis
388 1751 428 1814 de
451 1752 635 1815 rumoribus
658 1751 736 1835 quid
758 1750 962 1819 sentiendum
984 1751 1036 1833 sit,
1068 1750 1213 1817 Galenus
1235 1753 1292 1819 de·
1322 1792 1326 1797 -

178 1852 275 1935 nique
297 1851 450 1917 Zeuxidis
474 1854 515 1918 de
538 1854 707 1935 sententia,
742 1863 777 1916 ut
800 1850 954 1916 credibile
977 1860 1038 1934 est,
1071 1852 1123 1916 his
1145 1873 1292 1937 compre-

139 2019 145 2029 ,
177 1954 305 2019 hendit:
340 1952 378 2020 ‘0
410 1951 435 2021 δ’
458 1954 509 2021 οὖν
531 1956 671 2040 Μνήμων,
698 1950 746 2019 εἴτ’
770 1953 859 2030 αὐτὸς
882 1950 1002 2037 ἐκόμισε
1023 1952 1057 2016 τὸ
1084 1955 1204 2039 βιβλίον,
1234 1955 1328 2047 εἴτε,

178 2054 277 2139 λαβὼν
310 2056 345 2122 ἐκ
372 2066 425 2144 τῆς
456 2059 649 2143 βιβλιοθήκης
671 2055 865 2142 παρέγραψε,
900 2054 1031 2139 φαίνεται
1060 2053 1177 2140 πράξας
1205 2057 1293 2123 ἕνεκα

179 2169 382 2246 σχηματισμοῦ
417 2160 504 2247 [lege
533 2160 752 2246 χρηματισμοῦ]
786 2167 883 2224 τοῦτο·
912 2163 999 2242 μόνον
1032 2155 1088 2243 γὰρ
1118 2155 1293 2227 ἐπίστασθαι

178 2263 272 2349 λέγοιτ
296 2266 400 2333 ἑαυτὸν
424 2266 444 2333 οἳ
467 2271 603 2352 δηλοῦσιν
639 2267 666 2332 οἱ
688 2272 885 2351 χαρακτῆρες,
913 2261 1018 2347 μισθὸν
1045 2270 1099 2348 riq<
1121 2261 1292 2350 ἐξηγήσεως

159 2369 276 2437 αὐτῶν
306 2368 508 2458 εἰσεπράττετο
547 2377 597 2436 καὶ
635 2371 717 2455 εἴπερ
744 2364 825 2434 τοῦθ’
862 2366 958 2441 οὕτως
986 2368 1061 2449 ἔχει,
1091 2367 1292 2454 mbuubrepo'r

179 2470 240 2537 iou
260 2470 294 2536 τὸ
317 2472 393 2538 κατὰ
413 2475 464 2558 τήν
487 2474 678 2558 βιβλιοθήκην
696 2470 887 2556 ἀποκείμενον
906 2464 952 2535 ὑπ’
973 2468 1063 2535 αὐτοῦ
1078 2471 1293 2537 διεσκεύασβαι

179 2575 343 2657 Quidquid
366 2577 460 2641 huius
484 2579 530 2640 rei
554 2587 615 2660 est,
640 2598 681 2641 ex
702 2579 763 2641 hac
786 2587 931 2640 veterum
949 2576 1183 2659 disceptatione
1195 2598 1292 2643 unum

179 2676 311 2759 prodire
332 2677 470 2760 videtur,
494 2678 581 2762 quod
602 2699 663 2761 pro
684 2700 764 2743 vero
786 2678 898 2742 haberi
919 2687 1039 2762 potest,
1062 2675 1293 2763 Hippocratem

181 2796 289 2840 earum
313 2788 461 2842 notarum
484 2793 648 2845 auctorem
672 2802 736 2845 non
767 2781 879 2861 fuisse,
906 2799 1037 2862 easque,
1068 2789 1103 2844 ut
1125 2790 1291 2846 auctorem

179 2885 351 2966 mittamus,
375 2895 479 2949 aetate
500 2886 678 2952 Ptolemaei
699 2887 882 2972 Euergetae
904 2885 1115 2968 probabiliter
1141 2887 1291 2952 inventas

181 3007 264 3051 esse.
308 2988 418 3073 Atque
446 2991 536 3072 prius
572 2992 659 3076 quod
695 2994 800 3076 posui,
830 2993 899 3074 ipsa
932 2990 1047 3055 horum
1070 2990 1291 3057 characterum

178 3090 303 3152 ratione
325 3092 457 3174 egregie
479 3093 718 3177 comprobatur,
742 3094 862 3179 quippe
891 3093 924 3155 in
952 3093 1070 3176 quibus
1092 3093 1290 3177 quarundam

233 3357 263 3422 4)
281 3352 368 3408 Nihili
386 3365 436 3414 est.
472 3357 655 3418 scribendum
678 3359 839 3434 Κλεοφάιτοο.
874 3363 1100 3432 Distinguendum
1128 3379 1191 3418 esse
1217 3370 1292 3436 patet

283 3440 337 3494 iam
355 3439 428 3497 huno
443 3442 638 3515 Cleophantum
657 3466 672 3502 a
691 3449 851 3518 cognomine
869 3449 986 3514 medico,
1005 3447 1111 3502 duobus
1122 3449 1209 3504 lerme
1226 3466 1291 3504 sac-

285 3526 355 3580 culis
373 3528 491 3592 iuniore,
515 3531 615 3602 quippe
643 3534 723 3587 cuius
740 3537 902 3588 sententiam
932 3535 966 3587 de
984 3533 1156 3589 hlithradatis
1173 3534 1291 3605 Eupato-

283 3613 323 3666 ris
341 3613 470 3669 antidotis
489 3614 611 3672 Galenus
629 3619 736 3673 laudet:
755 3636 825 3690 quos
842 3637 917 3675 more
936 3636 987 3675 suu
1005 3619 1128 3675 confodit
1152 3619 1290 3691 Sprenge·

283 3699 338 3756 lius
363 3698 382 3753 1.
400 3699 418 3751 l.
444 3699 474 3752 Τ.
493 3700 512 3753 l.
540 3720 567 3774 p.
585 3706 644 3760 603.
680 3704 718 3758 At
736 3723 897 3777 quamquam
928 3705 1000 3778 apud
1025 3704 1160 3759 Galenum
1179 3705 1292 3759 maioris

284 3785 446 3857 Cleopbauti
469 3787 557 3864 αἵρεσις
574 3798 809 3857 commemoratur,
840 3799 931 3846 mmen
950 3794 995 3863 qui
1015 3789 1087 3865 apud
1106 3790 1182 3846 Cael.
1199 3789 1291 3845 Aure·

285 3871 350 3927 liau.
379 3872 416 3927 de
430 3871 517 3925 morb.
540 3880 611 3930 acut.
631 3874 665 3939 ll,
684 3878 718 3928 39
747 3874 912 3947 Cleophauti
937 3885 1096 3935 sectatores
1123 3875 1291 3931 ‹licuntura

171 3996 178 4009 .
282 3960 390 4016 iuniore
408 3957 540 4029 appellati
556 3959 690 4026 ridentur,
717 3963 845 4032 quoniam
868 3962 1074 4036 Asclepiadem,
1104 3963 1152 4034 qui
1169 3962 1234 4016 illos
1251 3960 1291 4015 ibi

283 4044 443 4114 respexisse
460 4042 557 4111 fertur,
574 4047 654 4100 etiam
674 4046 740 4100 alibi
758 4047 838 4103 huius
855 4047 1018 4120 Cleophanti
1034 4048 1194 4121 praeceptis
1211 4063 1290 4102 usum

283 4144 348 4184 esse
382 4145 416 4183 ex
447 4129 531 4185 celso
556 4131 610 4196 dll,
634 4126 675 4186 14.
704 4141 819 4192 constat.
855 4131 891 4196 λ’.
915 4133 1039 4193 llarduin
1065 4135 1159 4193 ludice
1186 4141 1289 4196 auctor.

283 4214 350 4272 l’liu.
370 4232 396 4291 p.
414 4216 466 4267 290
484 4215 527 4272 ed.
545 4215 639 4274 Franz.
