2902 4822
644 444 722 522 313

128 646 261 708 vorinus
283 639 394 728 Eclog.
419 665 449 727 p.
465 644 529 708 169
550 644 733 708 ostendunt.
766 643 852 707 luter
872 643 996 707 ectasin
1018 652 1051 707 et
1073 642 1239 725 epectasin

127 767 241 811 rursus
264 747 430 831 distinguit
453 746 561 812 Draco
582 732 624 811 de
645 756 736 813 metr.
759 767 792 831 p.
816 746 886 811 156.
921 744 982 810 His
1004 765 1085 810 vero
1109 745 1238 809 minimo

126 853 339 918 labefactatur
357 850 475 917 Suidae
492 855 667 918 auctoritas
688 852 729 917 de
748 852 831 917 libro
850 851 1019 917 Philoxeni
1035 848 1105 937 περὶ
1128 851 1239 915 διπλα-

127 966 250 1044 σιασμοῦ
276 959 450 1041 tradentis,
474 960 528 1044 qui
553 958 664 1023 titulus
689 959 797 1042 operis
824 957 944 1043 legitur
964 960 998 1023 in
1025 956 1129 1043 Etym.
1153 955 1236 1023 Gud.

126 1087 158 1149 p.
170 1065 212 1126 24
223 1084 253 1127 v.
273 1061 402 1143 ἅκαλος,
415 1061 469 1126 uhi
488 1062 574 1148 quod
592 1062 741 1148 vulgatur
759 1062 795 1127 Φ.
815 1058 845 1126 ἐν
863 1067 909 1148 τῷ
926 1059 995 1147 περὶ
1004 1063 1238 1145 διπλασιασμῶν,

127 1171 293 1233 defensum
316 1186 336 1232 a
358 1167 534 1233 Bitschelio
553 1167 603 1233 De
626 1167 747 1232 Orione
773 1188 814 1233 ex
839 1165 944 1254 Etyrn.
967 1167 1025 1233 lls
1051 1167 1139 1252 apud
1152 1167 1238 1231 Lar·

126 1275 257 1338 cherum
286 1272 340 1364 ad
357 1271 509 1336 Orionem
535 1293 567 1356 p.
592 1273 650 1356 24,
681 1283 810 1358 oportet
834 1273 929 1339 cedat
953 1273 1084 1340 lectioni
1105 1273 1148 1338 ab
1169 1291 1237 1338 uno

125 1379 272 1442 codicum
297 1375 595 1441 Vindobonensium
625 1379 852 1462 suppeditatae
879 1381 1102 1464 διπλασιασμοῦ.
1152 1400 1155 1405 ·

210 1484 311 1547 Binos
345 1481 528 1567 glossarum
558 1481 660 1547 lihros
693 1482 906 1550 Philoxenum
932 1484 1122 1568 scripsisse,
1156 1500 1237 1567 quo·

125 1610 195 1655 rurn
222 1588 277 1653 ille
307 1583 444 1669 ἐθνικὰς,
473 1587 526 1652 hic
552 1586 742 1653 Homericus
772 1589 962 1672 complexus
992 1597 1096 1671 esset,
1112 1585 1237 1665 ¹statuit

124 1696 266 1760 Meierus
298 1694 419 1758 Corum.
453 1695 580 1759 Andoc.
614 1693 668 1778 Vl,
703 1695 734 1758 3.
757 1716 787 1779 p.
821 1692 863 1776 V,
895 1694 1048 1780 quantum
1078 1691 1120 1756 ad
1151 1689 1239 1772 illae,

123 1799 235 1880 fidem,
258 1799 384 1881 opinor,
407 1808 565 1882 sequutus
588 1799 648 1863 Ms.
670 1800 704 1863 in
726 1798 809 1864 Bihl.
832 1797 931 1865 Coisl.
953 1820 986 1884 p.
1007 1799 1089 1881 597,
1118 1799 1174 1864 ubi
1195 1798 1237 1862 iis

124 1903 320 1968 Philoxenus
342 1914 534 1969 accensetur
555 1906 611 1990 qui
633 1901 736 1970 ἐθιικὰ
757 1904 978 1989 scripsissent,
1014 1902 1126 1968 Orioni
1151 1900 1238 1968 The·

124 2007 207 2072 bano
231 2017 275 2082 tv.
298 2006 434 2073 Ritschl.
468 2029 500 2090 p.
521 2011 574 2073 50.
597 2015 682 2094 sp),
714 2009 918 2093 Metrodoro,
951 2009 1114 2094 Longino:
1148 2007 1238 2092 quod

124 2114 155 2174 in
188 2132 350 2195 suspenso
384 2132 424 2178 eo
457 2115 560 2198 magis
591 2113 773 2199 relinquere
805 2112 907 2197 malo,
939 2113 1028 2198 quod
1056 2132 1096 2177 ea
1127 2112 1174 2178 de'
1199 2124 1237 2178 re

123 2216 335 2287 Schmidt-ium
362 2240 393 2304 p.
417 2220 482 2284 640
503 2218 602 2304 longe
623 2219 716 2284 aliter
736 2220 858 2284 sentire
878 2217 984 2282 video.
1028 2215 1080 2281 De
1110 2217 1237 2302 glossa·¹

123 2342 192 2385 rurn
215 2320 462 2403 Homericaruru,
480 2324 681 2408 conditione,
716 2333 823 2387 utrum
852 2321 894 2386 ad
927 2321 1030 2387 solam
1047 2319 1235 2407 Odyssean¹

124 2447 181 2490 eae
205 2431 392 2513 spectarint,
416 2429 504 2514 qrrod
527 2428 604 2493 olim
625 2429 740 2511 statui,
773 2447 814 2491 an
842 2427 937 2514 etiam
965 2424 1096 2489 iliadem
1120 2424 1235 2508 prige:

124 2531 201 2614 rint,
224 2532 342 2598 dubius
364 2534 495 2618 haereo,
517 2533 777 2619 quandoquidem
800 2531 946 2615 pluribus
965 2529 1034 2607 un‘o⁸
1048 2530 1132 2596 loeis
1147 2548 1235 2594 nuuc

123 2637 250 2701 dernurn
285 2639 506 2705 animadverto
535 2638 704 2704 Philoxeni
736 2655 855 2702 nomeu
888 2638 920 2701 in
953 2634 1094 2703 Scholiis
1126 2634 1233 2701 lliadis

123 2744 223 2807 citari.
272 2742 356 2807 Sunt
389 2745 517 2828 quidem
552 2747 584 2808 in
617 2745 658 2807 iis
691 2743 837 2828 quidam,
872 2743 928 2827 qni
960 2741 1159 2826 probabilius
1191 2760 1234 2805 ex

123 2865 222 2928 opere
244 2846 285 2911 de
307 2848 408 2932 signis
430 2848 639 2913 Aristarchiis
667 2848 787 2931 sumpti
813 2847 978 2928 dicantur,
1010 2856 1046 2909 ut
1074 2843 1233 2924 snolooo

122 2968 219 3031 supra
248 2950 329 3013 dixi:
359 2961 435 3013 sunt
464 2970 543 3016 vero
571 2953 667 3014 etiarn
696 2953 751 3035 qui
780 2951 821 3015 ad
851 2968 972 3014 meram
997 2949 1234 3032 interpretatio·

121 3071 193 3114 nem
223 3072 339 3116 vocum
367 3052 618 3119 Homericarunr
656 3055 894 3141 grammaticam
928 3063 1094 3138 spectant,
1134 3050 1235 3137 ueluti

121 3177 173 3222 vv.
196 3167 261 3232 σῶς
291 3181 316 3240 ε,
337 3160 417 3223 887.
441 3155 594 3240 βιβάσθων
614 3183 640 3242 ι,
674 3160 739 3225 890
761 3168 793 3223 et
822 3181 849 3239 o,
871 3158 945 3225 676.
972 3156 1077 3242 αἴητον
1107 3164 1142 3240 o,
1158 3159 1236 3223 tto·

121 3258 234 3322 δαινῦτο
256 3283 293 3340 ω,
316 3261 395 3324 665:
418 3281 553 3344 quarum
576 3261 706 3346 quidem
733 3281 851 3326 vocum
873 3263 1103 3345 interpretatio
1118 3269 1234 3346 posset

120 3385 160 3426 ex
183 3365 254 3428 aliis
277 3364 445 3431 Philoxeni
467 3368 598 3450 scriptis
620 3368 743 3432 adscita
766 3368 968 3450 putari,*nisi
989 3368 1146 3450 postrenrl
1162 3366 1233 3432 ‚loci

120 3469 200 3530 ratio
223 3469 263 3531 ad
287 3480 383 3536 cante
412 3470 573 3555 agendum
596 3469 759 3536 suaderet.
805 3471 911 3552 Quum
934 3471 1038 3553 primo
1068 3471 1159 3533 euim·
1173 3474 1233 3533 noi

120 3574 203 3636 mine
225 3575 368 3638 auctoris
391 3575 478 3639 nude
498 3577 609 3660 posito
632 3574 802 3640 Philoxeni
831 3575 1020 3639 obvervatio
1044 3575 1233 3659 deformare

119 3677 232 3742 δαινῦτο
255 3689 401 3760 accentu,
425 3692 493 3743 turn
515 3679 662 3744 eiusdem
684 3678 746 3744 alia
769 3679 810 3743 de
832 3680 929 3744 huius
946 3681 1081 3763 optativi
1096 3699 1232 3745 nurnero

118 3781 290 3865 singulari,
313 3802 397 3865 quae
419 3785 586 3866 proposita
618 3783 657 3848 ah
681 3795 815 3849 anctore
847 3781 876 3847 ἐν
897 3792 959 3858 τοῖς
980 3780 1022 3858 εἷς
1043 3806 1074 3868 pr
1095 3784 1233 3850 traditur

119 3881 178 3966 [de
201 3906 265 3969 quo
291 3885 371 3949 libro
394 3887 477 3951 inlra
497 3887 615 3953 iterum
637 3889 808 3954 dicendum
826 3891 901 3972 erit)
924 3889 1132 3972 exhibeatur,
1155 3909 1232 3954 con·

117 3991 209 4073 sequi
232 3992 371 4075 videtur,
394 3993 425 4055 in
449 3990 589 4057 Scholiis
611 3993 720 4058 lliadis
743 3995 797 4058 uhi
822 3995 1012 4078 simpliciter
1032 3994 1232 4072 Philoxenus

117 4095 276 4175 laudetur,
301 4097 433 4184 intelligi
456 4098 587 4182 aliquod
610 4119 711 4184 opus,
745 4102 837 4165 ouius
870 4101 996 4165 titulum
1030 4116 1166 4186 propter
1177 4105 1232 4186 «ip-
1281 4090 1284 4095 ¹

117 4203 186 4264 sins
220 4200 405 4265 allinitatcnr
429 4223 502 4268 curn
527 4201 707 4269 Homericis
729 4206 1162 4290 commentariis-apponere
1185 4204 1231 4268 in·

117 4305 193 4368 utile
211 4305 316 4370 visurn
333 4317 432 4375 essct.
464 4308 562 4395 Quae
579 4327 678 4398 quum
695 4310 741 4377 ito
750 4311 825 4395 sint,
847 4310 997 4377 lubenter
1006 4309 1232 4391 concederem,
