2902 4822
746 423 822 500 108

227 618 488 703 computaveris
511 636 631 700 corpus
654 615 750 697 illud,
784 634 827 679 ex
859 633 925 699 quo
952 621 1104 696 excerpta
1138 621 1232 696 sunt,
1264 613 1337 697 pari

226 725 349 788 ratione
380 742 442 806 qua
466 719 626 783 Veretum
655 719 848 801 confectum,
880 719 960 782 loe.
994 715 1168 780 conflatum
1197 717 1338 781 maximo

226 827 328 890 fuisse
351 844 392 888 ex
416 824 654 888 commentariis
666 822 852 903 Aristonici,
875 821 1015 905 Didymi,
1039 817 1215 883 Herodiani
1237 829 1271 883 et
1281 817 1339 883 Ns·

226 927 365 1010 canoris,
400 947 483 1012 quae
505 925 631 989 Lehrsii
653 945 783 1009 quoque
805 924 963 989 sententia
987 923 1056 1006 luit,
1087 923 1173 986 iusto
1206 921 1338 987 brevius

226 1048 256 1110 p.
281 1027 324 1090 35
357 1029 401 1091 ita
434 1028 613 1112 loquentis:
652 1029 771 1092 nverbo
793 1047 916 1091 moneo
951 1026 1014 1090 hoc
1046 1044 1129 1108 opus
1155 1023 1339 1110 Odysseam

227 1150 357 1214 quoque
392 1130 595 1215 complexum
635 1150 718 1195 esse.
759 1130 936 1211 ¹Quattuor
972 1129 1168 1211 scriptorum
1200 1127 1339 1213 vestigia

226 1253 421 1318 quocunque
447 1234 575 1316 >pedem
615 1233 766 1316 posueris
806 1233 838 1294 in
880 1230 1014 1295 scholiis
1054 1231 1178 1294 obviae
1218 1229 1340 1294 Confer

226 1334 279 1399 vel
313 1357 412 1401 unum
444 1338 529 1401 hunc
561 1335 670 1400 locum
703 1355 744 1399 ex
779 1334 898 1415 multis,
934 1334 963 1415 β,
999 1335 1080 1397 260:
1122 1328 1174 1397 ἰὼν
1203 1329 1254 1396 ἐπὶ
1280 1328 1340 1398 aot
1405 1402 1407 1406 ,

225 1435 398 1523 θαλάσσης]
427 1434 502 1504 Ἐάν
534 1435 611 1503 κατὰ
644 1437 760 1521 δοτικὴν
794 1434 944 1521 γράφηται
975 1434 1009 1500 τὸ
1046 1435 1161 1517 ,,θινί“,
1196 1431 1340 1518 βραχίως

226 1542 430 1626 διαστελοῦμεν
453 1540 502 1607 ἐπὶ
521 1539 614 1623 ,,ῗὼν“
644 1539 694 1605 καὶ
721 1537 760 1604 τὰ
781 1541 851 1623 ἑξῆς
883 1536 1078 1623 συνάπτωμεν·
1112 1535 1163 1604 ἐὰν
1186 1537 1220 1603 δὲ
1242 1535 1339 1604 atm-

225 1644 301 1727 τική,
324 1642 369 1718 ὡς
390 1643 518 1729 Δίδυμός
535 1666 608 1727 φησι
623 1636 963 1725 γράφειιἈρίσταρχον,
986 1640 1060 1726 μετὰ
1080 1640 1115 1706 τὸ
1138 1638 1339 1727 ,,θιι>ιάσσης*,ι

227 1748 440 1830 διαστελοῦμεν.
497 1749 542 1811 lta
572 1747 600 1828 Q
634 1755 666 1809 et
697 1743 800 1826 Harl,
835 1745 867 1806 in
897 1764 961 1829 quo
993 1747 1088 1809 etiam
1117 1745 1253 1809 alterum
1274 1745 1340 1811 hoc

226 1848 373 1913 scholion
406 1850 536 1934 legitur:
565 1843 637 1913 Ἐπὶ
665 1847 732 1929 deri,
762 1844 813 1911 rui
842 1844 891 1912 ἐπὶ
911 1851 989 1930 θῖνα,
1015 1850 1118 1930 διχῶς.
1152 1847 1339 1914 Sententiae

225 1952 413 2035 propositae
447 1952 524 2015 nihil
559 1951 753 2033 detrahitur,
794 1971 892 2034 quum
925 1951 1205 2034 animadverteris,
1250 1950 1340 2036 quod

225 2056 399 2137 permirum
432 2065 546 2138 posset
581 2057 684 2123 videri
696 2105 706 2140 ‚
740 2059 772 2121 in
800 2054 960 2122 universis
996 2053 1166 2138 Odysseae
1198 2051 1339 2120 Scholiis
1367 2063 1373 2079 ’

226 2157 403 2220 Aristonici
426 2167 458 2220 et
478 2157 653 2239 ‚Nicanoris
675 2160 804 2242 nullam,
827 2158 957 2242 Didymi
989 2166 1022 2220 et
1054 2155 1230 2221 Herodiani
1252 2155 1341 2223 lraud

225 2259 426 2344 frequentem
463 2264 598 2345 reperiri
635 2264 852 2327 mentionem„
896 2259 1020 2324 Horum
1057 2261 1341 2346 grammaticorum
1446 2280 1449 2284 ·

225 2363 404 2428 doctrinam
433 2365 777 2451 consuetudinemque·
795 2367 849 2449 qui
879 2383 920 2427 ex
952 2382 1015 2428 usu
1042 2360 1248 2427 Scholiorum
1269 2361 1341 2428 tlte

226 2465 276 2530 dis
298 2464 495 2530 Venetorum
519 2479 722 2550 perspectam
743 2468 878 2550 habeat,
902 2487 975 2531 eum
996 2485 1061 2529 non
1083 2465 1209 2548 latebit,
1241 2465 1340 2549 pluri·

226 2587 349 2632 marum
372 2569 612 2632 adnotationum
635 2581 796 2653 auctoreS‚
820 2561 917 2634 etiam
939 2571 968 2633 si
990 2569 1118 2633 nomine
1137 2587 1202 2632 non
1217 2564 1339 2634 laudati

226 2673 300 2751 sint,
323 2673 549 2756 grammaticos
567 2671 640 2737 illos
662 2692 746 2738 esse.
776 2672 826 2736 Ex
842 2674 907 2736 ista
927 2671 1133 2740 Scholiorum
1152 2671 1338 2736 conditione
1421 2710 1426 2717 -

225 2775 334 2858 potius
357 2773 571 2857 colligendum
595 2775 732 2860 videtu-r,
757 2797 840 2862 quae
862 2796 946 2840 nunc
973 2785 1131 2859 excerpta
1154 2783 1337 2856 servantur,

226 2895 264 2941 ea
287 2877 384 2962 longe
406 2878 529 2941 minore
552 2889 584 2942 et
607 2878 772 2964 diligentie
794 2890 826 2945 et
848 2880 1036 2944 eruditionis
1065 2878 1173 2944 studio
1195 2875 1339 2942 Scholiis

226 2977 359 3046 Venetis
381 2981 528 3045 confecta
552 3002 638 3046 esse.
682 2981 853 3048 Postremo
877 2983 1074 3047 afferendum
1095 2982 1185 3067 quod
1209 2990 1338 3045 senten·
1427 2987 1438 2997 ”

225 3085 302 3147 tiam
335 3104 438 3147 meam
474 3084 606 3149 mirifice
643 3094 814 3169 sustentat,
848 3087 936 3171 quod
967 3088 1000 3149 in
1030 3085 1118 3153 Harl.
1150 3084 1192 3150 ad
1220 3106 1249 3166 o,
1275 3081 1339 3147 too

228 3185 377 3266 (Cramer
398 3207 430 3268 p.
453 3187 533 3266 493)
556 3188 760 3252 manifestum
782 3199 834 3254 est
854 3191 1007 3254 indicium
1038 3188 1339 3254 commentariorum

226 3288 259 3351 in
281 3286 423 3370 iliadem,
448 3290 565 3372 quibus
588 3290 773 3357 observatio
797 3293 955 3378 quaedam
978 3301 1135 3376 occupata
1158 3300 1265 3355 essett
1282 3285 1340 3355 ,καὶ

227 3389 344 3474 εἴπομεν
377 3387 407 3454 ἐν
438 3397 476 3477 τῇ
503 3386 608 3457 Ἰλιάδι
628 3393 662 3458 τὸ
686 3392 791 3473 cirtem
824 3396 931 3460 Iliadis
960 3405 1066 3461 autem
1097 3394 1207 3458 locum
1242 3391 1339 3457 valde

226 3492 322 3557 doleo
345 3495 421 3558 mihi
443 3495 547 3559 adhuc
570 3497 803 3579 incompertum
825 3519 909 3564 esse.
954 3497 1036 3562 Tum
1058 3497 1143 3562 haud
1165 3495 1248 3560 levis
1271 3513 1339 3560 mo·

227 3598 325 3661 menti
357 3618 433 3663 esse
456 3597 583 3662 videtur
613 3599 701 3683 quod
728 3601 762 3662 in
789 3600 969 3667 Harleianis
1000 3600 1185 3665 Herodiano
1216 3597 1338 3664 nullum

226 3703 469 3784 grammaticum
496 3700 548 3764 vel
576 3703 768 3783 scriptorem
797 3706 1009 3790 antiquiorem
1042 3703 1166 3768 laudari
1187 3703 1339 3768 memine-

226 3803 298 3885 rim,
320 3814 355 3867 ut
377 3804 473 3866 etiarn
492 3804 554 3867 hac
576 3790 684 3886 operis
706 3815 799 3888 parte
828 3827 866 3872 ea
901 3828 974 3872 cum
996 3807 1105 3871 indole
1131 3804 1339 3870 Scholiorum

226 3906 268 3968 Α.
298 3906 331 3968 in
360 3905 490 3969 Iliadem
520 3908 651 3990 egregie
681 3910 882 3974 conveniant.
928 3909 1130 3974 Conveniunt
1159 3910 1256 3974 etiam
1285 3926 1338 3993 eo,

228 4007 315 4092 quod
337 4011 457 4092 passim
478 4009 644 4095 signorum
666 4010 852 4074 criticorum
865 4012 899 4074 in
913 4013 953 4077 iis
968 4015 1049 4078 ratio
1066 4012 1215 4097 habetur,
1237 4010 1339 4077 veluti

228 4110 333 4194 diplae
356 4111 397 4175 ad
419 4133 448 4191 κ,
479 4110 522 4173 89
544 4110 629 4194 apud
653 4109 841 4177 Crumerum
863 4134 896 4196 p.
918 4115 992 4179 429.
1021 4115 1096 4180 Alia
1119 4113 1278 4200 exempla,
1303 4122 1339 4179 ut

226 4214 466 4296 asteriscorum,
499 4212 582 4278 infra
618 4215 687 4280 suis
721 4215 808 4280 locis
834 4215 1049 4300 proferentur.
1104 4215 1215 4306 Quid?
1250 4214 1361 4306 quod·
