2902 4822
687 464 742 547 67

169 711 174 718 .
222 659 343 728 Harum
355 673 515 746 notarum,
538 682 671 748 quarum
685 663 828 727 rationes
846 645 1065 745 perfunctorie
1078 660 1269 749 Leopardns

157 765 292 832 Emend.
316 768 406 852 XIX,
430 771 461 850 5,
495 768 678 853 diligentius
701 766 870 850 Menagius
905 766 946 829 ad
969 764 1149 852 Diogenem
1172 788 1271 853 expo·

159 882 312 955 suerunt,
345 873 539 958 significatio
571 872 664 955 plana
698 890 805 956 neque
840 869 936 933 dubia
971 871 1172 957 singularum
1200 875 1273 958 ipsa

160 974 276 1061 figura,
299 997 340 1040 ex
361 979 401 1040 iis
425 997 508 1061 quae
530 977 634 1042 adhue
657 976 892 1060 disputavimus
920 985 953 1038 et
985 975 1067 1039 infra
1096 976 1273 1061 disputabi-

161 1101 247 1163 mus,
280 1081 373 1146 facile
407 1082 578 1145 divinanda
613 1084 638 1162 ¹)
672 1089 802 1165 praeter
835 1099 934 1142 unum
957 1088 1008 1161 ><,
1042 1078 1126 1144 binis
1159 1065 1273 1145 formis

162 1184 307 1268 obvium,
330 1206 465 1271 quarum
483 1186 646 1269 posterior
664 1205 728 1250 non
745 1192 854 1267 potest
876 1201 941 1246 non
963 1183 1049 1248 huno
1070 1185 1139 1248 fere
1158 1181 1191 1248 in
1207 1205 1276 1248 mo·

165 1286 243 1351 dnm
265 1286 401 1372 figurata
423 1288 525 1351 fuisse
548 1285 608 1370 ><,
642 1307 778 1370 prorsus
802 1287 843 1349 ad
867 1288 1001 1352 eandem
1032 1290 1189 1351 rationem
1212 1307 1277 1372 qua

166 1393 337 1477 antisigma
359 1389 590 1476 περιεστιγμένον
625 1392 801 1456 exhibitum
824 1401 889 1455 est:
926 1393 954 1457 si
978 1394 1061 1456 enim
1084 1393 1201 1477 cuique
1224 1411 1278 1456 an·

167 1493 247 1580 gulo
268 1503 421 1577 punctum
443 1496 599 1559 insertum
623 1515 698 1560 esse
721 1495 913 1574 diceremus,
944 1496 1057 1560 eadem
1079 1497 1181 1580 figura
1205 1515 1280 1559 oum

167 1599 337 1681 asterisco,
361 1620 456 1683 quem
479 1618 542 1662 una
563 1600 596 1661 in
618 1599 754 1665 Platone
776 1600 951 1664 adhibitum
973 1602 1133 1683 novimus²
1156 1600 1280 1663 fuisset.

168 1699 357 1769 Eustathius
378 1703 420 1768 ad
441 1702 529 1767 Iliad.
553 1726 578 1784 e,
598 1705 672 1768 733.
706 1724 736 1786 p·
760 1705 825 1767 599
858 1703 899 1766 de
921 1703 1098 1768 asterisco:
1141 1698 1175 1778 ὅς
1207 1701 1283 1768 ἐστιν

169 1804 296 1892 ἀστέρος
317 1816 436 1891 σημεῖον
459 1803 590 1890 χιαοτόν,
612 1808 694 1891 ἔχων
718 1803 747 1870 ἓν
769 1814 832 1880 ταῖς
853 1802 993 1890 τέσσαρσι
1014 1806 1133 1889 γωνίαις
1153 1802 1283 1890 στιγμάς,

170 1907 250 1974 οἴνοιο
263 1910 313 1990 ><
327 1909 428 1973 'idem
452 1910 494 1973 ad
516 1909 635 1994 Odyss.
660 1933 678 1992 ι,
701 1911 774 1973 250.
797 1930 828 1992 p.
844 1910 944 1975 1627:
967 1910 1029 1974 ἔστι
1053 1907 1141 1974 δὲτὸ
1165 1917 1284 1992 σημεῖον

170 2019 225 2078 τοῦ
246 2009 431 2098 ἀστερίσκου,
464 2012 507 2088 ὡς
529 2010 580 2077 καὶ
611 2009 745 2095 ἀλλαχοῦ
775 2005 899 2096 ἐρ’ῥὲθη,
930 2010 978 2077 διὰ
999 2019 1050 2077 τοῦ
1074 1998 1107 2095 Ξ
1129 2012 1285 2093 στοιχείου,

171 2122 300 2200 τετραχῆ
317 2112 485 2199 στιζομένοο
501 2113 577 2180 κατὰ
591 2115 642 2199 τὴν
659 2123 717 2179 τῶν
732 2112 910 2199 γραμμάτων
922 2113 1115 2200 [γραμμῶνῖ]
1133 2111 1287 2195 edicentes,

174 2217 254 2284 οὕτω
276 2220 327 2300 >’<.
359 2219 410 2283 Ex
426 2221 476 2286 his
490 2221 583 2285 simui
598 2230 742 2304 apparet,
766 2221 855 2283 nihili
867 2241 942 2285 esse
960 2241 1055 2303 quam
1070 2241 1164 2302 unus,
1189 2238 1288 2302 quan·

174 2333 244 2387 tam
257 2323 368 2406 seiam,
386 2324 447 2387 sibi
468 2325 556 2386 tinxit
572 2325 641 2387 eins
657 2335 752 2388 notae
766 2325 902 2408 figuram
918 2323 1154 2387 Grdfenhanius
1169 2319 1286 2384 Gesoh.

175 2422 208 2486 d.
241 2423 341 2490 kiass.
379 2425 560 2512 Philologie
583 2425 619 2489 T.
655 2426 692 2489 ll.
726 2448 759 2509 p.
792 2428 835 2490 96
858 2427 916 2508 >ζ<,
957 2446 1040 2511 quae
1068 2424 1157 2489 nullo
1190 2432 1288 2505 paeto

174 2528 304 2593 nomine
322 2528 555 2614 οεριεστιγμένου
578 2531 739 2614 appellari
758 2531 871 2614 potuit.
905 2529 1054 2595 Punctati
1066 2548 1146 2593 vero
1158 2538 1190 2601 ><
1208 2548 1289 2592 usus

174 2647 252 2693 sero
275 2631 408 2697 invaluit
430 2636 475 2715 (ν.
500 2642 528 2708 ς.
551 2636 620 2717 70),
650 2653 755 2718 neque
777 2634 907 2696 omnino
931 2653 996 2717 quo
1019 2632 1116 2696 modo
1140 2631 1209 2695 eius
1232 2650 1288 2694 no·

173 2743 230 2799 tae
250 2745 397 2818 potestas
420 2759 461 2802 ex
482 2739 589 2803 littera
612 2739 748 2823 prodeat
769 2738 844 2801 mihi
862 2737 991 2821 quidem
1008 2737 1119 2820 liquet,
1142 2745 1178 2799 ut
1191 2755 1290 2820 quum

236 2938 263 3007 l)
281 2938 377 2996 Unum·
395 2943 506 2999 obelum
527 2941 719 3019 περιεστιγμένον
748 2940 835 2995 verbo
864 2939 910 2993 hie
938 2946 1053 3008 tangam.
1095 2937 1183 2993 Huius
1209 2955 1292 3009 quum

286 3031 368 3086 aliam
385 3033 499 3104 figuram
517 3035 564 3088 vix
584 3050 646 3088 esse
666 3032 786 3102 potuisse
806 3029 973 3099 comparatio
992 3027 1136 3094 antisigma
1156 3034 1182 3080 et
1200 3025 1292 3096 diplae

285 3127 431 3190 punctatae
446 3121 572 3175 ostendat
586 3137 666 3192 quam
675 3121 732 3186 ÷,
747 3119 844 3170 mirum
858 3115 940 3168 debet
953 3114 1042 3168 videri
1055 3113 1128 3184 qnod
1142 3113 1170 3167 id
1185 3115 1294 3182 signum

285 3205 356 3260 inter
374 3205 546 3262 Aristarchia
564 3223 617 3259 non
636 3207 781 3277 reperitur,
807 3217 861 3255 neo
878 3200 912 3253 ab
943 3201 999 3253 ullo
1017 3200 1200 3270 posteriorum
1220 3199 1294 3251 criti·

285 3309 378 3347 corum
396 3296 425 3348 in
441 3294 499 3348 ullo
517 3293 629 3348 notandi
647 3308 748 3362 genere
766 3296 828 3343 ante
844 3286 995 3356 Origenem
1013 3287 1042 3339 in
1060 3302 1139 3340 usum
1153 3289 1297 3356 receptum

285 3378 509 3452 deprehenditur,
537 3388 566 3436 ut
598 3381 705 3434 ratione
733 3373 882 3431 notationis
915 3372 1103 3428 Aristarchiae
1136 3373 1163 3426 in
1189 3371 1294 3427 scholis

285 3470 521 3537 grammaticorum
539 3473 670 3538 regnante
689 3463 861 3520 statuendum
892 3462 929 3516 sit
945 3477 999 3514 usu
1017 3460 1126 3528 vulgari
1145 3458 1294 3523 excidisse,

286 3573 350 3611 saro
368 3556 476 3610 demum
493 3558 521 3609 in
539 3556 621 3610 vitam
640 3552 675 3606 ab
696 3551 817 3621 Origene
835 3555 993 3603 revocatum
1021 3545 1155 3616 huiusque
1173 3544 1295 3597 anctori-

288 3652 342 3701 tate
366 3653 547 3701 restanratnm
566 3659 638 3699 esso.
682 3641 807 3696 Ceterum
833 3634 866 3689 de
890 3639 1036 3706 potestate,
1067 3647 1120 3702 qua
1145 3632 1170 3685 is
1197 3629 1296 3684 obelus

287 3730 436 3787 Platonicis
452 3731 563 3803 scriptis
580 3727 716 3781 adhibitus
735 3723 826 3787 inerit,
846 3738 899 3775 non
917 3718 1105 3782 laborandum,
1123 3716 1296 3788 quandoqui-

290 3816 350 3871 dem
368 3816 501 3888 Diogenis
520 3815 604 3872 verha
623 3812 683 3889 πρὸς
700 3811 744 3872 τὰς
761 3806 863 3870 sisaim:
883 3805 1012 3877 ἀθιιήσιις
1037 3812 1113 3859 recte
1133 3806 1298 3876 interpretes

289 3903 389 3958 dudum
414 3905 458 3961 iris
485 3909 681 3978 expresserunt
705 3898 758 3966 „ad
794 3913 827 3951 ea
852 3912 922 3966 quae
950 3900 1053 3947 temere
1079 3886 1298 3963 improbantur.“

218 4044 220 4053 .
289 3988 368 4057 Quod
391 3992 554 4047 monendum
579 3997 638 4045 erat
661 3986 796 4041 adversos
820 3979 988 4034 Presselium
1014 3976 1107 4048 Beytr.
1130 3992 1164 4029 zu
1182 3973 1301 4028 Schnei-

291 4077 356 4140 ders
374 4079 422 4134 Gr.
442 4075 583 4133 Wdrterb.
600 4093 626 4146 p.
644 4077 679 4127 67
697 4088 748 4142 sq,
766 4069 838 4122 huno
856 4067 945 4119 locum
965 4063 1127 4132 corrigendo
1145 4059 1235 4113 ιίιαὶου
1252 4061 1299 4115 vel

292 4162 386 4218 ιίιιαὶιοι
403 4164 504 4220 frustra
522 4169 684 4217 tentantem:
718 4172 779 4210 nam
798 4169 851 4225 quo
869 4157 1014 4222 praeterea
1038 4148 1195 4202 Presselius
1214 4145 1298 4200 offen·

291 4251 339 4316 dit,
357 4251 429 4324 quod
447 4249 537 4312 ιῖιιοῖος
553 4265 656 4320 genere
675 4245 804 4302 feminino
823 4239 923 4294 dictum
939 4239 984 4306 sit,
1002 4253 1035 4291 eo
1049 4251 1101 4290 nos
1120 4234 1231 4305 quidem
1244 4250 1299 4288 non

291 4338 462 4396 offendimus.
798 4332 799 4336 ’

1038 4409 1086 4473 5.
