2902 4822
689 416 768 494 199

169 621 223 696 τῆς
245 613 400 697 ἑρμηνείας
431 610 570 687 καὶτοῖς
602 609 777 695 διανοήμασι
798 608 890 675 πολὺν
921 607 1152 694 ἐμφαίνοντα
1123 635 1173 675 τον
1200 634 1282 718 νειι-

168 713 313 808 τεριομόν,
336 720 378 781 ita
402 729 437 782 nt
459 716 617 802 Poppol.
637 715 660 778 l.
684 738 713 799 p
739 716 781 778 12
801 714 944 801 iudicare
967 735 1075 803 ausus
1086 717 1141 804 sit,
1165 692 1289 780 nullam

169 823 326 907 integram
356 825 606 905 enuntiationem
639 843 658 884 a
691 819 775 883 male
808 796 931 882 sedulis
966 791 1117 904 manibus
1136 791 1296 919 additam!
1343 890 1346 895 ,

170 942 261 985 esse:
298 922 385 1005 quod
422 923 573 1007 iudicium
608 941 672 986 non
705 901 872 1003 improbe,
906 920 935 984 si
967 896 1154 1008 nonnullos
1177 920 1312 1018 ¹900ss

169 1009 313 1115 quorum
330 1025 412 1089 dnos
441 1004 671 1110 dubitationem
694 1031 864 1088 moventes
887 1026 959 1108 ipse
980 1025 1110 1110 iudicat,
1142 1024 1283 1119 eximen-

170 1128 232 1191 dos
263 1130 477 1192 concesseris.
521 1127 596 1191 Non
626 1138 735 1192 tamen
764 1127 946 1213 Thucydidi
975 1132 1120 1215 negarim
1146 1151 1284 1218 prorsus

169 1230 312 1294 defuisse
346 1231 760 1316 criticorum—antiquorum
783 1252 909 1321 οιιιιιιιι,
939 1236 1037 1315 quum
1059 1235 1193 1324 insuper
1215 1219 1284 1322 ser·

168 1342 277 1399 vatum
300 1334 349 1420 sit
365 1335 461 1397 etiam
483 1335 572 1398 aliud
594 1334 768 1417 notationis
791 1334 905 1398 similis
922 1335 1087 1416 indicium,
1109 1331 1175 1420 quo
1188 1336 1285 1423 simul

167 1437 354 1529 intelligitur
387 1437 601 1503 Scholiastam
621 1440 666 1513 in
687 1438 862 1519 'afferendo
895 1439 1053 1522 cuiusque
1086 1442 1282 1525 suspicionis

167 1543 262 1625 signo
285 1542 349 1631 non
371 1542 551 1627 admodum
567 1540 751 1624 diligentem
775 1540 887 1624 fuisse,
912 1543 1031 1626 quippe
1060 1543 1139 1633 satis
1162 1543 1281 1608 fecisse

166 1667 205 1710 se
220 1645 401 1731 legentibus
419 1655 533 1727 ratum,
547 1646 574 1708 si
587 1655 731 1734 notatum
743 1645 918 1732 antiquitus
933 1666 1008 1710 esse
1021 1646 1160 1735 aliquem
1170 1646 1279 1726 locum
1296 1639 1299 1648 Χ
1355 1663 1361 1674 ’

165 1742 354 1834 adnotaret„
368 1769 433 1834 quo
456 1737 563 1837 autem
564 1749 679 1836 signo
706 1767 749 1811 no
751 1758 849 1813 ttatus
854 1749 981 1835 fuisset,
958 1751 1037 1813 tin
1061 1750 1159 1814 dubio
1182 1752 1278 1816 relin-

166 1874 281 1949 quens,
305 1874 384 1917 usus
407 1854 478 1935 ipse
500 1825 661 1935 ambigua
673 1869 755 1914 voce
777 1843 981 1938 παραγραφή,
1003 1872 1104 1936 qua
1088 1853 1161 1938 loeo
1183 1855 1280 1941 alicui

165 1960 293 2055 siguum
309 1957 578 2041 aliquodcumqne
600 1955 813 2047 adscriptum
811 1956 911 2021 tuisse
931 1937 1128 2044 significaret
1140 1961 1184 2039 ³).
1215 1923 1279 2043 Cp·

165 2060 217 2123 ius
230 2060 361 2123 rationis
375 2059 465 2141 estt,
491 2061 547 2121 10:
568 2052 739 2141 Αθηναίοιν
757 2055 843 2121 δὲτο
861 2054 933 2121 αὐτὸ
953 2056 1278 2164 consepeliendi&
1348 2076 1353 2083 “

166 2161 341 2237 ὑποθὲοεώς
354 2187 426 2248 φησι
441 2186 508 2246 περι
497 2160 761 2246 Λακεδαιμονίων
776 2158 810 2224 τό
824 2184 870 2252 „et
860 2156 1021 2236 'nolte’
989 2171 1087 2250 αιιτιῖνν
1091 2142 1286 2252 ἐρημωθείι

165 2266 217 2333 καὶ
236 2266 274 2332 τὰ
294 2265 360 2351 ἱερὰ
383 2268 567 2392 lstpdsiu“,
574 2264 638 2330 ἐπεὶ
659 2272 727 2339 πῶς
741 2263 775 2328 ἂν
794 2261 861 2386 ιιειιὶ
876 2256 1032 2358 Ἀθηνῶν,
1044 2258 1246 2350 Ἀθηναῖος”
1222 2293 1283 2355 ων,

164 2368 386 2461 καταρωμένας
393 2371 426 2435 τὸ
450 2369 522 2452 αὐτὸ
543 2367 643 2454 εἰρήιι
629 2392 671 2446 ιι
700 2366 777 2448 ὥστε
799 2363 933 2455 palmati
963 2371 1146 2454 παραγραφὴ
1177 2370 1277 2447 ridete

163 2500 220 2598 ται,
243 2473 286 2541 ὅτι
308 2474 482 2560 λεληθότως
493 2474 647 2568 ἐπαρᾶται
668 2496 728 2546 τοις
740 2473 1010 2573 Λακεδαιμονίοις
1042 2471 1210 2564 ἀλλότριιν
1219 2478 1290 2566 γὰρ’

162 2583 247 2650 τοῦτο
275 2591 330 2672 τῆς
357 2581 599 2675 conpacto<
582 2604 662 2666 ισιιεν
693 2575 878 2662 προθέσεως.ι
924 2577 1058 2643 Scilicet
1045 2580 1149 2664 tqui
1168 2581 1276 2674 locum

165 2689 253 2752 illum
267 2698 416 2751 notarent
439 2688 698 2773 perstringuntur
716 2702 734 2752 a
749 2680 933 2760 Scholiasta
949 2664 1035 2778 ideo,
1059 2684 1161 2768 quod
1162 2667 1275 2770 verbis

164 2791 228 2855 illis
248 2790 551 2875 imprecationem
530 2782 858 2872 Lacedaemoniorum
872 2786 999 2879 iactam
1022 2805 1097 2851 esse
1120 2789 1188 2874 s'ihi
1200 2810 1278 2883 per·

165 2896 363 2980 suasissent,
380 2914 463 2980 quae
479 2905 612 2979 auctore
628 2891 777 2975 indigna
773 2864 897 2974 fuisset.
931 2887 974 2952 Hi
994 2910 1034 2953 an
1049 2909 1089 2952 eo
1108 2895 1277 3008 progressi

166 3000 245 3082 sint,
280 3009 315 3062 nt
337 2997 432 3062 obelo
454 2976 581 3087 adiecto
604 2997 741 3063 locum
731 3017 764 3058 m
797 2983 917 3085 spuriis
939 3002 988 3055 ret
976 2992 1119 3075 tulerint,
1116 2995 1278 3080 ignora·

165 3123 250 3189 mus
292 3102 423 3176 Unicus
435 3091 567 3184 tamen,
581 3084 743 3179 fatendum
767 3105 836 3180 est,
865 3095 936 3158 eius
958 3097 1105 3179 generis
1110 3069 1169 3161 hie
1184 3097 1276 3165 loeus

166 3215 228 3289 est,
251 3208 301 3285 ita
316 3218 362 3293 ut,
373 3189 410 3298 si
423 3206 630 3295 Thucydides
653 3205 795 3287 antiquo¹
809 3217 900 3293 mors
922 3207 1064 3274 notatus.
1081 3198 1150 3282 fuit,
1167 3200 1275 3293 ,huius

166 3329 270 3383 curae
298 3310 337 3392 ad
361 3330 421 3375 nos
443 3311 523 3374 certi
555 3308 632 3374 nihil
651 3305 844 3386 translatum
875 3321 949 3383 esse
981 3301 1205 3383 confitendum
1225 3305 1277 3369 sit.

166 3404 271 3493 Unum
287 3423 392 3493 tamen
413 3413 522 3496 locum
545 3411 718 3491 adnotabo,
742 3409 797 3497 qui
819 3406 848 3470 si
871 3405 943 3488 quis
971 3402 1056 3467 alius·
1072 3406 1151 3469 ¹nota
1172 3404 1308 3495 aliqua,

166 3515 283 3598 dignus
302 3514 580 3594 videridebuerat
595 3514 724 3597 quique,
753 3517 905 3592 quantum
928 3505 1057 3589 quidem
1077 3525 1119 3568 ex
1138 3506 1297 3588 animad-¹

164 3665 337 3674 Qu*-
340 3667 457 3675 r.—-......
497 3660 501 3670 ὓ
935 3677 937 3684 Ι
1215 3664 1220 3669 1
1225 3654 1231 3688 p

105 3716 109 3730 ⁸
219 3736 248 3803 9)
267 3735 443 3804 Significatnr
462 3735 570 3787 nomine
589 3729 777 3803 paragraphus
801 3729 882 3780 etiam
901 3724 1026 3779 scholion
1049 3726 1137 3797 ipsum
1158 3729 1279 3804 ‚margini

269 3824 432 3894 appositum,
458 3822 477 3886 l,
504 3824 548 3886 90,
573 3820 620 3873 nbi
644 3837 671 3871 v.
696 3815 847 3880 Dulrerum,
866 3821 949 3868 'recte
971 3813 1178 3882 intelligentem,
1196 3816 1276 3872 scho-

258 3907 366 3960 liastae
379 3922 531 3960 censuram
534 3908 672 4008 pertipere
687 3902 719 3956 ad
737 3902 764 3955 id
781 3901 915 3974 scholion,
929 3915 982 3996 quo
998 3898 1031 3952 de
1046 3898 1277 3960 differentiaver-

270 3993 364 4048 borum
378 4009 588 4077 synonymorum
603 3991 731 4066 ἐπέρχεται
745 3996 772 4043 et
784 4007 820 4041 ιια
821 3963 945 4085 ρίιιχιιοιι
946 3985 1034 4038 minas
1055 3990 1193 4057 accurate
1193 4002 1277 4059 expo·

271 4085 351 4134 situm
363 4086 446 4138 esset.
461 4077 532 4144 Qua
550 4079 748 4147 significatione
758 4078 856 4127 v‘ocem
870 4072 898 4131 in
912 4069 1091 4131 adnotandis
1084 4070 1151 4126 auris
1158 4064 1278 4129 Romani

235 4199 239 4206 -
272 4165 350 4219 lrbrrs
360 4172 516 4236 usurpatam
528 4181 600 4229 esse,
612 4159 918 4217 docetWeb'eruslliss
936 4156 970 4212 de
980 4157 1062 4211 latine
1072 4158 1191 4229 scriptis,
1205 4174 1277 4229 qnae
1368 4177 1373 4185 ·

273 4230 374 4307 Graeci
390 4251 521 4307 veteres
513 4266 543 4305 ιιι
554 4249 676 4322 linguam
688 4264 767 4304 snam
776 4246 981 4313 transtulerunt,
992 4245 1062 4302 Part
1072 4243 1117 4304 ΙΙΙ.
1127 4262 1153 4319 p.
1147 4247 1242 4299 ..9-9
