2902 4822
175 1052 220 1120 Τὰ
235 1054 452 1142 παρατιθέμενα
470 1068 531 1135 τοῖς
544 1057 719 1147 Ὁμηρικοῖς
732 1064 843 1148 στίχοις
863 1060 1075 1152 Ἀρισταὶρχεια
1091 1080 1198 1156 σημεῖα

364 1158 518 1242 ἀναγκαῖον
542 1173 649 1246 γνῶναι
669 1165 739 1240 τοὺς
760 1163 993 1251 ἐντυγχάνοντας.

193 1448 286 1533 Διπλη
307 1445 508 1533 ἀπερίσπκτος
724 1471 757 1523 >·

191 1554 285 1640 Διπλῆ
307 1556 524 1642 περιεστιγμένη
728 1580 761 1632 >-

188 1658 318 1745 Ὀβελὸς
715 1710 770 1728 .-

188 1761 381 1852 Ἀστερίσκος
402 1767 469 1835 καθ’
493 1773 597 1839 ἑαυτὸν
717 1779 758 1858 ><

186 1865 380 1955 Ἀστερίσκος
403 1873 476 1957 μετὰ
499 1872 605 1955 ὂβελυῦ
720 1881 822 1959 Χ-

187 1963 355 2056 Ἀντίσιγμοι
728 1982 750 2042 0

186 2066 354 2158 Ἀντίσιγμα
383 2077 612 2163 περιεστιγμένον
721 2085 755 2147 3·

188 2178 342 2260 Κεραύνιον
721 2201 753 2262 Τ

131 2291 164 2343 >·
195 2280 215 2365 ἡ
237 2278 289 2364 μὲν
312 2279 361 2346 οὖν
384 2285 471 2369 διπλῆ
495 2283 697 2370 ἆπερίστικτος
728 2289 920 2371 παρατίθεται
939 2287 1017 2373 πρὸς
1044 2290 1111 2364 τοὺς
1133 2294 1237 2372 γλωσ-

190 2384 359 2471 σογράφους
380 2388 400 2473 ἢ
422 2389 613 2472 ἑτεροδόεους
632 2389 842 2475 ἐκδεξαμένους
863 2391 901 2455 τὰ
921 2401 972 2456 τοῦ
995 2401 1117 2475 ποιητοῦ
1138 2393 1187 2459 καὶ
1211 2395 1237 2473 ¹)

188 2492 229 2575 μὴ
251 2494 368 2578 καλῶς·
391 2491 409 2576 ἢ
429 2492 461 2577 ²]
485 2494 562 2577 πρὸς
583 2493 637 2569 τὰς
660 2494 740 2569 ἅπαξ
763 2492 916 2579 εἰρημένας
938 2494 1041 2578 λέξεις,
1066 2496 1085 2581 ἢ
1106 2498 1183 2580 πρὸς
1200 2498 1237 2563 τὰ

189 2588 301 2657 ἐναντία
333 2591 383 2658 καὶ
414 2593 577 2678 μαχόμενα,
615 2592 665 2660 καὶ
699 2595 786 2679 ἕτερα
820 2598 959 2680 σχήματα
990 2593 1153 2681 πάμπολλα
1185 2599 1236 2665 καί

187 2695 346 2779 ζητήματα

123 2796 163 2876 >'<
186 2796 205 2880 ἡ
229 2796 263 2861 δὲ
284 2799 500 2893 περιεστιγμένη
523 2804 610 2886 διπλῆ
635 2801 712 2893 πρὸς
738 2800 792 2876 τὰς
813 2799 930 2884 γραφὰς
951 2798 1004 2875 τὰς
1025 2804 1233 2883 Ζηνοδοτείους

186 2896 236 2963 καὶ
253 2899 406 2986 Κράτητος
424 2902 474 2968 καὶ
492 2901 581 2967 αὐτοῦ
601 2900 799 2986 Ἀριστάρχου
819 2900 869 2966 καὶ
882 2900 935 2975 τὰς
947 2901 1122 2986 διορθώσεις
1134 2901 1233 2969 αὐτοῦ.

119 3002 206 3067 -ὁ
237 3004 271 3068 δὲ
301 3002 406 3085 ὀβελὸς
434 3006 511 3090 πρὸς
537 3007 575 3072 τὰ
610 3004 791 3088 &senonen
824 3001 873 3068 ἐπὶ
904 3012 956 3067 τοῦ
986 3014 1118 3087 ποιητοῦ,
1141 3006 1231 3088 ἤγουν

95 3104 102 3126 ”
183 3107 374 3193 νενοθευμένα
396 3109 415 3194 ἢ
439 3108 671 3195 ὑποβεβλημένα

120 3213 161 3291 >Z
185 3209 202 3275 ὁ
227 3211 260 3275 δὲ
282 3209 456 3296 ἀστερίσκος
486 3209 554 3277 καθ’
579 3211 693 3294 ἑαυτόν,
725 3212 769 3287 ὡς
799 3216 902 3287 καλῶς
919 3212 951 3296 ³)
983 3208 1143 3295 εἰρημένων
1172 3220 1230 3276 τῶν

185 3312 265 3377 ἐπῶν
279 3313 317 3377 ’ἐν
340 3313 424 3401 αὐτῷ
445 3325 488 3402 τῷ
511 3314 607 3402 τόπῳ,
630 3317 703 3380 ἔνθα
726 3314 800 3382 ἐστὶν
824 3315 996 3400 ἀστερίσκος
1018 3313 1115 3400 μόνος.

117 3424 403 3452 -...-.-1.-..-.

170 3497 198 3562 t)
217 3495 261 3549 An
279 3495 350 3549 forte
368 3494 421 3555 οἰςί

169 3598 196 3666 2)
217 3598 283 3652 sod.
301 3599 327 3673 ἡ,
345 3606 375 3652 ut
393 3601 474 3652 etiam
493 3615 563 3652 mox.

167 3700 194 3768 3)
214 3701 281 3757 eod.
302 3703 421 3754 sirecte
445 3699 590 3768 descripsi,
608 3707 696 3763 κακῶς,
722 3698 865 3762 sententia,
891 3703 918 3750 ut
944 3712 978 3748 ex
998 3695 1067 3748 infru
1085 3694 1228 3752 monendis

219 3787 331 3857 patebit,
349 3788 523 3840 adversante.
560 3784 601 3838 De
619 3783 737 3854 proclivi
755 3799 849 3836 errore
873 3781 1048 3835 librariorum
1066 3783 1094 3836 in
1113 3791 1228 3854 utraque

215 3890 286 3928 voce
305 3880 420 3937 constat,
443 3890 530 3943 nuper
560 3878 652 3925 notata
671 3872 752 3924 etiam
776 3869 810 3922 ab
839 3867 995 3923 Hermanno
1013 3866 1056 3922 De
1077 3869 1228 3925 Aeschinis

216 3957 353 4013 Socratici
370 3958 497 4028 reliquiis
515 3976 542 4029 p.
562 3960 603 4010 13.
640 3956 673 4010 Et
690 3954 856 4009 advertenda
875 3953 984 4024 phrasis
1003 3954 1031 4005 in
1049 3951 1103 4008 hoo
1120 3959 1224 4025 scripto

213 4045 332 4115 repetita
357 4044 562 4114 innumerisque
591 4042 827 4112 grammaticorum
858 4039 930 4093 iocis
948 4038 1027 4093 obvia
1061 4042 1100 4104 (v.
1128 4038 1223 4096 SohoI.

216 4129 318 4203 Odyss.
344 4149 371 4198 α,
389 4133 446 4195 99),
465 4129 568 4200 aliquid
585 4126 736 4185 miorevel
760 4126 793 4198 μὴ
817 4125 899 4185 καλῶς
924 4125 1025 4179 dictum
1051 4141 1124 4190 osse,
1141 4141 1224 4178 usur·
1321 4199 1324 4204 ι

214 4224 277 4288 pato
296 4219 325 4270 in
343 4217 409 4270 crisi
430 4213 575 4269 Homerios
594 4218 647 4265 iam
667 4212 810 4265 Aristoteli
830 4213 903 4267 Poet.
923 4214 966 4266 to.

977 4299 1016 4360 1.
