2902 4822
680 428 751 525 ist

163 643 204 705 nd
228 662 274 705 vs.
298 642 361 705 547
385 641 425 703 de
448 638 578 704 Seleuci
600 643 769 725 scriptura.
784 646 813 721 ⁵]
848 641 924 706 Sive
955 661 1032 706 vero
1056 641 1272 726 Aristonicus,

162 747 233 809 eive
256 742 425 828 Didymae,
457 745 548 807 cuius
582 745 623 808 de
646 748 882 810 commentariis
915 746 947 809 in
968 743 1187 831 Theogoniam
1211 744 1275 809 dis·

163 847 286 928 putavit
309 845 511 909 Muetzellius
537 867 565 929 p.
590 847 663 911 289.
683 868 743 932 sq,
768 869 827 931 pro
851 851 1000 932 primario
1023 845 1274 911 lonte'Scholio-

164 969 234 1012 rum
264 948 430 1013 habendus
462 960 528 1031 est,
563 952 742 1015 sententiae
777 954 909 1017 ntirrfice
941 954 1027 1016 lavet
1063 951 1094 1014 id
1127 951 1213 1036 quod
1243 951 1274 1014 in

163 1052 303 1118 Scholiis
325 1053 631 1138 certe'lhoogouiae
655 1075 717 1118 nou
741 1058 879 1138 memini,
904 1057 932 1120 si
957 1077 1052 1120 uuum
1073 1065 1127 1118 aut
1139 1053 1273 1117 alterum

163 1156 317 1238 excipias,
343 1158 435 1220 cuius
459 1159 679 1221 auctoritatem
694 1177 769 1222 sero
782 1159 920 1223 additam
941 1179 1015 1223 esse
1028 1159 1139 1240 ipsum
1156 1175 1273 1220 numen

95 1334 97 1339 ,
163 1257 280 1341 prodit,
314 1258 421 1321 veluti.
441 1257 581 1344 Synesii,
612 1263 803 1343 scriptorem
835 1281 1029 1345 quemquam
1059 1260 1189 1323 citatum
1221 1276 1273 1321 me

163 1363 316 1446 reperire,
341 1363 395 1447 qui
416 1364 556 1446 Augusti
578 1374 725 1445 aetatem,
750 1385 811 1449 qua
832 1366 1037 1430 Aristonicus
1060 1375 1092 1426 et
1114 1360 1272 1447 Didymus

164 1470 322 1549 vixerunt,
346 1471 551 1532 excessisset.
568 1471 609 1547 ⁶).

665 1606 691 1690 ι.
723 1609 776 1672 so.

164 1801 167 1808 Ι
207 1720 486 1801 Delyricornm
510 1737 707 1804 poetarum
743 1708 902 1806 scriptis
933 1735 973 1790 ab
996 1730 1228 1814 Aristarcho

643 1839 795 1897 notatis.

166 2035 168 2039 ,
249 1966 303 2031 Ab
326 1969 425 2052 epicis
453 1971 557 2052 poetis
580 1971 620 2033 ad
643 1971 762 2056 lyricos
790 1978 968 2040 transituro
988 1975 1079 2039 brevi
1101 1972 1177 2035 mihi
1199 1989 1273 2033 esse

164 2072 249 2152 licet,
273 2091 372 2154 quum
394 2093 478 2155 quae
493 2093 538 2136 ¹ea
561 2073 601 2136 de
623 2095 658 2137 re
680 2077 755 2139 sciri
778 2089 924 2160 possunt,
949 2098 987 2141 ea
1010 2077 1180 2139 maximam
1203 2091 1273 2154 par·

163 2187 228 2245 tem
252 2174 279 2256 ξ.
294 2177 338 2237 20
357 2188 535 2258 praecepta.
549 2189 634 2244 suut.
667 2179 717 2242 Ex
736 2183 864 2265 quihus,
887 2191 922 2245 ut
943 2199 1100 2245 summam
1119 2175 1271 2255 reculam,

163 2292 308 2366 apparet,
330 2283 357 2345 si
380 2302 443 2346 nou
457 2282 592 2346 aliorum
611 2285 747 2367 plurium
760 2287 944 2371 lyricorum,
968 2286 1080 2351 Alcaei
1104 2293 1192 2346 certe
1204 2299 1273 2345 car·

165 2388 248 2459 mina
261 2387 485 2450 Aristarchum
502 2398 671 2470 tractasse,
684 2391 835 2475 vulgasse
850 2401 946 2473 atque
960 2391 1062 2474 signis
1075 2387 1272 2463 distinxisse,

165 2489 227 2556 boc
249 2499 355 2551 tameo
377 2491 418 2552 ita
444 2500 477 2552 ut
500 2491 590 2574 signa
615 2507 767 2575 usurpata
783 2513 851 2576 ⁴pro
874 2493 1012 2556 diversa·
1030 2500 1145 2574 poetae
1166 2483 1273 2550 indole

165 2592 277 2672 abiis,
302 2613 383 2675 qnae
407 2594 507 2675 epicis
530 2595 743 2676 scriptoribus
765 2595 975 2677 adhibuisset,
1000 2593 1128 2656 diversa
1151 2598 1271 2668 esseut,

165 2714 229 2758 non
265 2694 305 2758 ad
335 2707 514 2760 contextus>
537 2698 762 2780 proprietates,
798 2698 856 2763 sed
890 2697 932 2762 ad
962 2697 1075 2760 horum
1098 2693 1272 2758 carminum
1299 2763 1301 2767 .

166 2798 328 2866 metricam
352 2810 383 2862 et
408 2802 561 2864 musicam
582 2803 737 2864 rationem
760 2800 990 2885 designandam
1008 2797 1164 2881 apposita.
1205 2790 1272 2854 Sed

165 2901 198 2964 iu
222 2900 342 2963 Alcaeo
368 2919 435 2966 non.
459 2902 602 2966 substitit
630 2904 856 2985 Aristarchus,
893 2923 989 2989 quem
1018 2910 1144 2965 constat
1180 2895 1275 2973 etiam

165 3003 296 3070 Pindari
326 3006 470 3088 epinioiis
502 3026 611 3070 curam
645 3027 736 3072 suam
758 3006 966 3092 applicuisse,
997 3006 1095 3089 idque
1117 3003 1160 3066 ita
1184 3010 1218 3064 ut
1240 2999 1273 3062 iu

167 3108 401 3173 constituendis
425 3111 534 3173 metris
559 3130 621 3174 uon
644 3112 878 3194 acquiesceret,
902 3110 960 3174 sed
983 3107 1077 3174 simul
1099 3105 1200 3168 etiam
1216 3101 1277 3166 c'ri·

166 3213 221 3280 tici
243 3223 375 3277 munere
400 3188 523 3276 eodem
553 3214 686 3295 modo,
699 3235 763 3299 quo
797 3217 829 3278 iu
861 3213 1003 3278 Homero
1039 3221 1186 3276 versatus
1215 3217 1276 3287 est,

168 3316 365 3400 fungeretur.
411 3317 481 3398 Qua
504 3319 544 3382 de
568 3338 603 3383 re
624 3321 777 3382 continuo
801 3319 984 3384 dicendum

673 3474 699 3556 ι.
723 3476 775 3538 oo.

346 3601 395 3654 De
429 3599 654 3687 Aristarchi
689 3599 834 3687 studiis
868 3595 1096 3655 Pindaricis

257 3712 305 3776 De
316 3734 437 3798 opera
469 3735 562 3799 quam
597 3683 806 3779 Aristarchus
837 3712 1063 3795 Aristophanis
1096 3705 1283 3807 exemplum¹⁴

170 3827 327 3903 sequutus
351 3819 382 3880 in
414 3817 552 3882 Pindaro
583 3816 749 3885 tractando
784 3815 968 3896 collocarit,
1003 3811 1088 3888 haud
1111 3807 1288 3894 magnifice-

210 3972 250 4052 ¹lt)
268 3982 351 4039 Plura
371 3987 522 4059 σημειὼσιως
541 3987 656 4054 vestigia
676 3984 814 4052 indagavit
833 3982 1042 4037 Schoemaonus
1055 3988 1091 4053 ἰζ
1108 3981 1148 4050 17.
1165 3991 1207 4049 sq·⁸
1268 3977 1278 3994 ²

210 4080 251 4156 u)
262 4082 344 4161 ¹ldem
362 4090 441 4141 video
454 4087 671 4141 Sclmemannum
687 4105 710 4156 p.
723 4089 756 4140 tl
776 4085 933 4150 observare,
951 4083 1027 4137 locos
1040 4081 1121 4136 simul
1137 4066 1214 4145 duos,
1232 4076 1283 4150 (ιιι

176 4195 184 4202 ·
217 4206 220 4212 Δ
276 4177 428 4229 sententiae
448 4175 590 4229 adversari
612 4174 762 4237 rideantur,
786 4171 987 4243 expedientem.
1005 4169 1182 4224 Grammatici
1206 4183 1282 4232 vero,

275 4277 345 4334 qaus
363 4260 398 4318 ab
416 4262 468 4316 hac
485 4263 686 4335 eotnputatioue
705 4264 837 4335 temporis
861 4260 971 4332 cacipit,
990 4260 1039 4332 qui
1054 4259 1109 4312 siut
1127 4252 1230 4328 ignoro.
