2902 4822
694 457 744 529 23

166 661 240 707 esse
262 643 348 706 hunc
371 642 589 708 Aristonicum
612 645 694 709 inter
715 656 748 709 et
769 645 901 710 Homeri
924 648 1149 733 interpretem,
1173 671 1272 735 quan·
1304 712 1310 723 ‚

166 743 340 827 doquidem
356 763 397 808 ex
419 743 514 809 huius
536 747 658 811 notitiis
675 749 753 813 nihil
773 761 974 833 compertum
993 750 1159 837 habemus,
1184 754 1271 837 quod

165 844 228 910 tale
247 857 481 931 argumentum,
512 848 606 932 quale
628 850 787 915 Athenaei
809 851 883 916 loco
907 852 1087 936 exhibetur,
1112 854 1153 918 ab
1177 857 1272 918 eoin

165 950 286 1032 scripto
309 948 375 1013 uilo
397 960 567 1015 tractatum
588 972 662 1017 esse
692 954 827 1017 credere
850 973 910 1019 nos
933 955 1028 1018 sinat
1073 954 1173 1018 lmmo
1196 976 1272 1021 oon·

164 1051 253 1114 venit
275 1071 328 1116 res
357 1050 531 1116 Tarentino
561 1054 606 1117 illi
636 1055 834 1139 Aristonico,
871 1076 967 1140 quem
998 1057 1142 1121 breviter
1170 1060 1273 1184 attigit

164 1155 249 1218 idem
271 1155 457 1219 Roulezius

249 1258 362 1350 Utrum
377 1258 550 1324 Tarentino
572 1261 646 1325 huic
663 1283 703 1326 an
716 1263 937 1329 Alexandrino
957 1279 1070 1331 nostro
1086 1268 1274 1333 Aristonico

164 1363 353 1428 vindicanda
375 1364 449 1444 sint,
472 1366 604 1447 quaein
622 1366 756 1430 historia
777 1367 905 1432 Orionis
927 1369 1074 1454 Hyginus
1093 1370 1274 1453 Asconii,

164 1468 215 1531 34.
239 1487 280 1529 ex
302 1465 488 1531 Aristonico
518 1467 626 1550 aliquo
650 1469 758 1550 refert,
793 1489 984 1553 quamquam
1019 1472 1201 1554 potuissent
1234 1474 1275 1536 ad

163 1571 251 1634 liiad.
274 1595 303 1651 c,
325 1571 389 1633 486
411 1570 562 1634 adnotata
585 1591 671 1653 esse,
704 1592 768 1655 quo
791 1572 865 1636 loco
888 1572 1091 1637 Scholiastae
1113 1574 1211 1638 multa
1235 1576 1283 1649 de

164 1675 284 1739 Orione
306 1674 446 1758 tradunt,
469 1674 598 1737 difficile
620 1677 733 1738 est-ad
763 1676 987 1741 iudicandum:
1024 1679 1120 1740 immo
1144 1697 1183 1740 ne
1207 1698 1276 1742 cer-

163 1787 231 1840 tum
263 1776 393 1859 quidem
413 1775 591 1840 Aristonici
621 1796 748 1859 nomen,
779 1779 1037 1863 quandoquidem
1069 1799 1141 1842 oum
1177 1779 1277 1842 inter·

163 1889 255 1964 prete
277 1877 459 1943 Germanici
482 1888 548 1942 tres
571 1880 703 1944 codices
721 1879 844 1963 llitiani,
870 1903 1007 1966 quorum
1031 1884 1191 1965 scriptura
1205 1882 1276 1946 sola

164 1983 204 2048 ab
226 1982 404 2047 editoribus
434 1983 554 2046 diserte
583 1983 725 2065 affertur,
760 1985 1025 2049 Aristomachum
1057 2005 1117 2067 pro
1150 1986 1276 2049 Aristo·

164 2089 237 2152 nico
261 2086 421 2150 exhibent.

249 2188 421 2252 Postremo
444 2188 604 2252 notandus
628 2191 728 2253 verbo
753 2190 844 2254 iocus
867 2191 972 2276 Etym.
986 2190 1069 2256 Gud.
1092 2192 1277 2274 p.334,10›

165 2316 206 2358 ne
230 2293 398 2357 abutamur
420 2310 460 2355 eo
484 2292 523 2355 ad
536 2292 712 2357 Aristonici
736 2297 847 2376 copias
872 2296 1073 2358 festinantius
1094 2294 1276 2378 augendas:

167 2398 223 2461 ubi
244 2403 418 2480 postquam
440 2394 481 2490 de
503 2416 533 2458 v
558 2392 674 2477 κόλλοψ
697 2397 796 2458 verba
820 2397 1011 2472 factasunt,
1042 2394 1277 2459 subiiciuntur:

168 2491 265 2573 οὕτως
285 2495 367 2582 εὖρον
391 2495 456 2561 ἐν’
443 2485 624 2580 υιιομνηματι
643 2493 845 2581 Ἀνδρονίκου,
880 2494 920 2570 εἷς
942 2495 976 2560 τὸ
1001 2499 1061 2571 δος.
1107 2496 1180 2578 Quo
1203 2495 1278 2561 loco

168 2625 266 2691 quum
288 2624 425 2687 pronum
446 2603 550 2665 fuerat
575 2595 777 2685 Ἀριστονίκοο
807 2619 976 2683 reponere,
1011 2620 1110 2684 quum
1132 2619 1279 2682 praeser-

167 2710 224 2771 tim
245 2707 337 2771 locus
360 2705 500 2788 spectari
523 2705 688 2767 videretur
715 2703 907 2766 Homericus
938 2701 1058 2785 Odyss.
1087 2723 1120 2783 φ,
1142 2701 1217 2781 407,
1247 2699 1279 2760 id

120 2817 125 2822 '
169 2810 256 2894 quod
289 2827 406 2892 reapse
437 2808 547 2870 statuit
573 2805 740 2869 Nauckius
775 2804 941 2887 Aristoph.
980 2802 1059 2886 Byz.
1083 2822 1114 2884 p
1140 2801 1191 2882 16,
1217 2803 1279 2862 etsi

168 2910 314 2997 verba’
289 2935 331 2987 εις
350 2909 384 2976 τὸ
409 2913 471 2990 δος,
494 2927 577 2991 quae
599 2908 684 2971 aliud
706 2928 811 2992 genus
846 2907 1030 2989 scriptionis
1052 2903 1279 2987 grammaticae
1335 2959 1336 2962 ,
1402 2958 1404 2962 .

167 3014 310 3079 indicare
339 3015 520 3092 videantur,
551 3011 726 3072 cautiorem
760 3028 833 3071 eum
866 3006 974 3070 facere
1011 3001 1281 3080 debuissentita

169 3137 234 3201 quo
253 3118 358 3179 minus
378 3116 449 3179 sine
467 3113 679 3176 haesitatione
696 3112 913 3175 rescribamus
932 3107 1120 3171 cohibemur
1142 3103 1281 3167 auctori-

169 3232 235 3286 tate
257 3220 344 3286 alius
362 3219 486 3284 codicis
509 3219 541 3279 in
564 3235 640 3298 quo,
664 3223 748 3278 teste
761 3212 914 3276 Cramero
929 3206 1167 3273 Anecharis.
1180 3202 1281 3267 T.1V.

168 3326 271 3408 .75,
291 3319 481 3407 Ἀνδρονίκου
504 3321 678 3383 retinetur.
711 3318 808 3382 confit
811 3314 926 3379 endum
959 3313 1121 3376 tamenin
1143 3318 1282 3391 utroque

170 3425 282 3490 codice
304 3444 403 3506 posse
426 3422 528 3485 videri
550 3419 633 3482 male
654 3419 718 3482 hoc
741 3437 858 3480 nomon
879 3415 955 3498 legi,
980 3433 1078 3497 quum
1099 3429 1185 3494 quae
1207 3417 1283 3490 post

168 3527 232 3591 id
222 3547 255 3590 ιιι
277 3525 350 3590 cod.
372 3524 474 3587 Paris
510 3522 672 3605 leguntur,
709 3521 752 3581 ita
780 3517 992 3581 exhibeantur
1026 3509 1067 3584 εἷς
1087 3511 1138 3591 τὴν
1163 3503 1280 3573 Οδύο-

169 3651 259 3710 cunr,
282 3649 364 3712 quae
386 3645 464 3690 sane
487 3624 673 3687 Aristonico
697 3623 815 3684 favent.
849 3619 886 3681 Si
908 3637 987 3681 ιοιο
1009 3617 1071 3678 ista
1093 3609 1280 3673 Aristonico

169 3734 310 3798 tribuere
341 3732 432 3795 malis
465 3750 561 3814 quam
590 3726 790 3807 Andronico,
825 3721 1033 3808 grammatico
1055 3717 1183 3780 aliunde
1208 3714 1284 3778 mihi

169 3855 234 3898 non
256 3845 344 3917 noto,
368 3854 448 3897 cave
471 3854 512 3896 ex
536 3851 586 3914 ec,
612 3828 701 3913 quod
723 3824 880 3910 ὑπόμνημα
903 3820 945 3895 εἰς
962 3815 1139 3884 Ὀδύσσειαν
1163 3835 1283 3880 ιιιοιιιο·

170 3950 271 4022 ratur,
295 3939 468 4022 quicquam
490 3935 605 4000 credas
629 3931 770 4015 prodire,
795 3928 883 4012 quod
905 3923 1096 3988 sententiam
1119 3917 1221 4004 supra
1242 3920 1282 3981 de

170 4042 408 4107 commentariis
437 4037 609 4104 Aristonici
635 4037 669 4097 in
699 4034 875 4097 Homerum
906 4026 1103 4112 propositam
1126 4025 1280 4086 infirmet:

169 4148 266 4210 immo
297 4142 412 4207 eodem
446 4133 562 4221 modo,
598 4157 663 4221 quo
696 4135 800 4220 Etym.
828 4132 871 4200 Μ,
887 4180 888 4185 1
903 4131 1009 4194 locum
1037 4126 1282 4199 vindicavimus,

169 4248 267 4311 etiam
290 4245 341 4309 hic
364 4241 585 4327 expediendus
609 4249 669 4304 est.
