2902 4822
550 425 553 428 ’
656 418 736 496 215

139 612 225 696 quod
250 612 303 674 vel
327 615 546 697 superfluum,
570 611 622 676 vel
645 611 857 694 exscriptoris
880 621 1003 676 tantum
1028 611 1161 695 fuisset,
1190 615 1250 680 sed

139 738 251 780 rursus
264 728 299 780 nt
311 739 382 781 eam
394 720 434 782 ad
447 739 514 782 rem
529 727 686 801 aptarent,
706 714 908 800 singulorum
928 717 1095 800 signorum
1106 728 1249 798 potesta·

138 832 201 883 tem
225 821 277 883 vel
299 822 452 885 mutando
475 822 527 886 vel
550 822 646 884 etiam
668 819 827 903 eugendo.
869 817 919 882 Ex
930 819 993 884 boc
1009 839 1129 902 genere
1146 823 1250 904 scrip·
1314 852 1316 856 ⁴

138 935 243 985 torum
267 923 308 986 ad
330 935 473 988 nostram
496 924 640 987 notitiam
662 934 773 986 nostra
793 922 921 985 demum
933 931 1037 989 aetate
1048 922 1249 990 devenerunt

138 1025 281 1090 Isidorus
304 1035 336 1088 et
359 1027 491 1108 Florus,
523 1027 575 1090 bic
603 1026 761 1090 ecclesiae
783 1024 1012 1110 Lugdunensis
1042 1026 1148 1089 medio
1176 1047 1248 1092 sae·

137 1130 212 1192 culo
224 1128 267 1191 lX
287 1129 442 1192 diaconus
456 1129 674 1211 doctissimus,
697 1131 752 1214 qui
771 1149 835 1195 non
851 1129 885 1192 in
907 1127 1133 1211 distinguendo
1148 1131 1247 1196 totius

137 1230 177 1294 V.
190 1231 226 1294 Τ.
246 1251 396 1313 corpore,
416 1233 526 1296 sedin
545 1232 617 1296 solo
630 1231 790 1296 Psalterio
809 1251 941 1314 operam
953 1229 1171 1296 collocarunt:
1191 1233 1247 1316 qui

136 1334 244 1397 multis
266 1335 407 1398 saeculis
439 1346 515 1416 post
539 1335 713 1419 Origenem
744 1334 880 1399 similem
909 1333 1054 1398 laborem
1084 1334 1245 1419 aggressi,

135 1438 228 1501 ducis
240 1437 369 1520 quidem
389 1437 474 1501 illius
487 1439 621 1522 vestigia
637 1458 703 1501 non
714 1439 878 1520 aspernati
890 1448 965 1502 sunt
977 1438 1081 1521 sequi,
1094 1437 1139 1501 ad
1152 1457 1246 1503 suam

134 1552 242 1603 tamen
264 1560 395 1623 operam
420 1542 607 1625 HIeronymi
629 1541 890 1623 translationem,
924 1560 1020 1624 quam
1052 1561 1126 1605 cum
1154 1539 1245 1607 LXX

134 1644 374 1726 contenderent,
396 1646 557 1728 pertinere
575 1654 665 1709 recte
684 1645 805 1726 opinati
824 1655 909 1709 sunt.
944 1643 1088 1724 Quorum
1100 1645 1244 1710 virorum

131 1749 237 1811 studia
265 1748 386 1811 iuvabit
415 1768 455 1811 ex
485 1750 567 1831 ipsis
589 1747 747 1832 prologis,
779 1768 882 1832 nuper
904 1748 1033 1810 demum
1059 1747 1144 1833 Ang.
1167 1745 1245 1812 Maii

130 1870 206 1912 cura
237 1851 270 1913 in
305 1851 410 1914 lucem
440 1852 606 1932 productis
637 1849 717 1914 Coll.
749 1849 853 1920 Vatia.
881 1851 919 1916 Τ.
947 1850 999 1917 ΙΙΙ.
1031 1870 1243 1935 cognoscere.

129 1952 237 2036 Atque
258 1953 374 2017 Isidori
396 1954 551 2039 prologus
574 1976 605 2036 p.
628 1955 692 2018 256
714 1954 764 2018 his
786 1957 912 2039 incipit:

219 2056 395 2139 „Origenes
424 2058 586 2142 quondam
608 2056 683 2140 ille,
710 2060 765 2142 qni
797 2060 883 2143 apud
906 2057 1052 2124 Graecos
1075 2059 1115 2145 ¹in
1141 2077 1242 2143 opere

128 2158 307 2223 divinarum
329 2179 394 2223 non
411 2180 512 2242 parvo
530 2159 709 2224 elaboravit
728 2163 852 2245 studio,
875 2175 911 2226 ut
929 2148 1115 2234 ostenderet
1135 2159 1240 2245 qualis

127 2282 187 2343 per
207 2262 351 2346 singulas
372 2265 529 2328 editiones
549 2265 782 2347 scripturarum
801 2266 898 2330 lectio
918 2276 1093 2347 teneretur,
1115 2265 1148 2328 in
1166 2282 1241 2346 pro·

128 2365 208 2445 priis
230 2367 357 2448 paginis
380 2367 433 2431 vel
461 2367 621 2432 columnis
643 2368 802 2436 editiones
831 2369 1029 2455 singularum
1059 2368 1241 2433 translatios

128 2486 204 2528 num
239 2468 422 2548 descripsit,
456 2481 491 2528 ut
525 2490 564 2528 ea
599 2493 683 2548 quae
714 2474 748 2530 in
781 2492 973 2549 unaquaque
1004 2472 1150 2556 deerant,
1186 2471 1241 2536 vel

127 2568 290 2650 superflua
319 2568 538 2649 habebantur,
573 2571 690 2634 ceteris
724 2568 907 2653 quibusque
935 2567 1039 2652 signis
1061 2565 1239 2652 distingne·

126 2682 246 2735 rentur.
291 2669 482 2734 Huiusmodi
503 2672 603 2756 igitur
624 2691 687 2757 ego
709 2674 781 2755 ipse
802 2670 911 2736 studio
931 2664 1123 2753 delectatus,
1147 2668 1238 2735 Psal-

127 2792 252 2835 mornm
274 2771 390 2836 librum
413 2773 548 2839 duarum
568 2775 812 2862 translationum
824 2776 1022 2859 conpingere
1034 2773 1143 2855 malni,
1165 2777 1238 2840 sive

102 2936 109 2944 ,,
125 2886 161 2937 ut
182 2877 385 2959 septuaginta
407 2877 611 2960 interpretes,
635 2879 687 2943 vel
710 2879 810 2943 ceteri
833 2877 1077 2959 transtulerunt,
1097 2862 1180 2941 'sive
1202 2887 1239 2942 ut

124 2978 156 3039 in
177 2977 319 3042 hebraeo
348 2978 476 3063 legitur,
511 2992 543 3043 et
565 2982 771 3046 sanctissimo
801 2979 1001 3066 Hieronymo
1034 2968 1068 3042 in
1088 2978 1238 3045 Latinum

125 3100 308 3145 sermonem
329 3085 573 3166 interpretatum
602 3083 800 3167 agnoscitur.
844 3081 1021 3167 Utramque
1050 3083 1149 3172 igitur
1170 3080 1238 3147 edi·

124 3184 243 3247 tionem
274 3205 292 3247 e
314 3187 448 3269 regione
471 3197 703 3270 componentes
726 3185 946 3270 adiunximus,
977 3195 1013 3250 ut
1028 3204 1184 3272 'quaeque
1205 3187 1239 3253 in

123 3286 259 3369 singulis
291 3287 345 3349 vel
373 3288 490 3353 desunt
519 3291 572 3354 vel
594 3292 703 3373 potins
734 3291 910 3373 abundant,
943 3289 1112 3383 signisad
1131 3279 1267 3372 capita'

123 3390 358 3454 versiculorum
387 3393 557 3475 praefixis,
591 3395 848 3462 manifestentur.
893 3378 1100 3478 Quapropter
1126 3391 1183 3470 nbi
1203 3392 1238 3461 iu

122 3494 327 3577 septuaginta
350 3495 559 3561 translatione
581 3496 703 3581 aliquid
722 3497 923 3581 superfluum
941 3507 1003 3577 est,
1026 3495 1173 3582 virgulae
1193 3500 1239 3578 -ξ-

121 3596 215 3677 signo
250 3606 396 3661 notatum
427 3608 496 3681 est3
531 3599 587 3664 ubi
619 3620 698 3665 vero
729 3600 855 3684 aliquid
888 3600 998 3680 deest,
1034 3609 1069 3663 ut
1102 3598 1236 3685 clareat,

121 3699 270 3763 asterisci
292 3700 333 3779 >”<
356 3702 460 3786 figura
482 3703 645 3786 signatum
667 3713 728 3770 est.
761 3702 885 3773 Verum
909 3701 963 3767 ubi
985 3720 1045 3782 per
1067 3699 1237 3775 dissonan-

120 3801 196 3863 tiam
219 3812 355 3886 utraque
377 3806 515 3870 invicem
538 3806 735 3890 discrepent,
758 3807 969 3893 antigraphus
984 3795 1072 3889 >Vin
1089 3801 1237 3895 utrisque

120 3903 277 3970 columnis
307 3907 477 3990 adpositus
508 3919 566 3973 est.
620 3907 703 3976 Nam
729 3911 846 3992 procul
880 3910 979 3975 dubio
1009 3913 1042 3983 in
1070 3912 1237 3999 plerisque

119 4004 201 4070 locis
224 4008 324 4072 multo
346 4011 443 4074 alium
467 4032 600 4076 sensum
622 4025 820 4097 suggerunt:
844 4015 876 4078 iu
899 4014 1064 4101 plerisque
1085 4033 1167 4079 vero
1188 4015 1235 4081 ita
1328 3998 1332 4015 ¹

118 4110 189 4192 pari
219 4130 320 4175 sensu
347 4113 510 4199 incedunt,
541 4124 576 4180 ut
598 4134 702 4200 aeque
730 4114 794 4180 sibi
824 4136 885 4200 pro
914 4119 1125 4205 expositione
1143 4115 1232 4184 adni-

118 4211 257 4280 beantur
274 4224 359 4282 ete«
482 4211 483 4214 ’
1196 4251 1199 4259 ·
