2902 4822
693 435 769 513 123

169 624 330 710 πρόσωπον
352 625 428 694 κατὰ
459 628 509 711 την
531 630 656 713 ποίησιν.
699 627 752 692 Ad
782 627 978 691 rhetoricum
1006 623 1145 708 denique
1172 645 1277 708 genus

169 733 317 813 pertinet,
341 742 375 794 ut
397 752 492 794 unam
515 732 555 795 do
580 732 687 796 multis
710 733 857 813 afferam,
891 723 993 812 ligura
1017 751 1099 812 quae
1122 729 1277 795 technicis

170 834 285 899 dicitnr
306 831 489 920 ἐπανάληψις
511 839 580 900 sive
603 836 746 901 eiusdem
771 836 861 899 vocis
883 834 1021 915 iteratio,
1044 833 1277 918 cuiusinsignc

169 947 277 1011 exstat
295 939 477 1020 exemplum
499 940 586 1003 lliad.
611 943 638 1020 ζ,
662 940 739 1003 153:

269 1041 376 1108 ἐνθάδε
398 1046 528 1126 Σίσυφος
550 1046 646 1126 ἔσκεν,
661 1035 687 1109 Ιδ
710 1041 862 1129 νιίρδιστος
884 1038 972 1126 γένετ’
996 1039 1124 1127 ἀνδρῶν,

271 1149 400 1229 Σίσυφος
421 1144 577 1231 Αἰολίδης,
963 1200 965 1203 .

168 1253 221 1316 ubi
244 1250 354 1317 Schol.
377 1253 416 1315 A.
440 1252 459 1336 ἡ
483 1254 571 1336 διπλῆ
595 1251 672 1336 πρὸς
693 1251 743 1334 τὴν
767 1247 947 1333 ἐπανάληψιν
973 1255 1026 1313 τοῦ
1048 1245 1206 1332 ὀνόματος·
1226 1245 1278 1314 καί

167 1350 209 1418 δτι
231 1351 262 1419 ἐν
279 1349 388 1419 Ἰλιάδι
404 1363 537 1436 συνεχῶς
557 1364 621 1429 ταῖς
644 1352 845 1437 ἐπαναληψεσι
865 1349 1017 1435 κέχρηται,
1046 1349 1075 1416 ἐν
1106 1350 1141 1416 δὲ
1158 1345 1276 1418 Ὀδυσ-

136 1519 137 1523 ,
167 1479 233 1541 σειᾳ
255 1456 335 1530 ἅπαξ
356 1451 418 1521 κατ’
442 1453 542 1541 ἀρχάς
565 1456 737 1539 ,Αἰθίοπες
759 1455 804 1522 τοὶ
827 1452 950 1540 διχθά.“
995 1456 1067 1537 Quo
1089 1456 1276 1519 testimonio
1311 1517 1315 1522 ,

166 1562 206 1625 ad
243 1562 463 1646 retingendum
503 1562 672 1647 Odysseae
712 1564 820 1626 locum
856 1560 1035 1642 laudatum,
1066 1581 1098 1639 α,
1127 1560 1187 1640 22,
1222 1559 1276 1622 ubi

166 1665 207 1728 de
237 1685 398 1729 consensu
427 1666 576 1729 codicum
607 1667 760 1747 omnium,
795 1675 830 1728 ut
863 1664 1002 1745 videtur,
1036 1664 1132 1726 etiam
1164 1662 1276 1745 optimi

166 1768 355 1853 Vespasiani
378 1771 470 1846 (nihil
492 1782 580 1834 certe
603 1773 768 1834 varietatis
791 1770 832 1833 ab
857 1767 990 1832 Heinsio
1021 1778 1185 1830 enotatum
1208 1768 1273 1844 est)

165 1872 351 1958 vulgaretur
1196 1944 1201 1951 ,

261 1970 346 2044 Ἀλλ’
370 1977 387 2044 ὁ
407 1977 457 2063 μὲν
479 1971 625 2054 Αἰθίοπας
647 1980 803 2064 μετεκίαθε
822 1971 926 2060 τηλόθ’
950 1973 1069 2056 ἐόντας,
1172 2027 1178 2038 .

265 2080 422 2164 Αἰθίοπας,
444 2083 489 2150 τοί
511 2082 604 2168 διχθὰ
627 2083 777 2148 δεδαίαται
797 2083 921 2164 ἔσχατοι
942 2078 1076 2164 ἀνδρῶν,

266 2186 365 2271 οἱμὲν
388 2186 550 2273 δυσομένου
571 2185 750 2273 Ὑπερίονος,
773 2187 801 2253 οἱ
823 2181 849 2252 δ
873 2185 1019 2267 ἀνιόντος,

165 2289 311 2378 cupidius
335 2311 414 2356 usus
437 2303 487 2355 est
503 2291 664 2376 Bergkius
679 2291 890 2356 Commentat.
913 2294 983 2358 crit.
1006 2291 1102 2375 Spec.
1116 2291 1154 2356 V.
1179 2315 1209 2377 p.
1222 2290 1272 2374 lll,

166 2399 219 2480 qui
240 2396 411 2461 lectionem
428 2395 570 2472 Αἰθίοπες
591 2420 609 2462 a
627 2397 808 2462 Scholiasta
825 2399 1061 2481 suppeditatam
1079 2399 1182 2485 figura
1199 2420 1274 2482 epa·

165 2501 336 2582 nalepseos
367 2514 541 2566 memorata
572 2503 689 2566 firmari
717 2513 817 2580 ratus,
849 2487 984 2566 eandem
1006 2502 1149 2567 Homero
1171 2504 1273 2566 vindi-

164 2625 238 2670 care
272 2605 413 2690 studuit,
456 2608 591 2690 insuper
621 2607 685 2671 loci
703 2607 921 2674 ,similitudine
950 2609 983 2671 in
1016 2607 1131 2672 eodem
1165 2607 1272 2672 iliadis

164 2707 245 2771 libro
266 2727 316 2770 vs.
338 2709 402 2772 395
424 2721 622 2776 commotus:
1300 2715 1301 2721 '

262 2805 457 2895 Ἀνδρομάχη
480 2809 612 2899 θυγάτηρ
635 2815 834 2900 μεγαλήτορος
851 2809 1021 2896 Ἠετίωνος,

262 2907 396 2996 Ἠετίων,
421 2913 455 2991 ὃς
476 2917 568 2982 ἔναιεν
591 2917 649 2984 ὑπὸ
672 2917 786 3007 Πλάκῳ
807 2918 928 3004 ὑλήεντι.

164 3016 337 3083 Praeterea
359 3021 391 3082 in
424 3021 604 3087 subsidium
637 3026 815 3089 afferuntur
845 3026 909 3089 loci
941 3025 1063 3109 aliquot
1089 3023 1271 3108 Strabonis,

164 3121 319 3208 Stephani
330 3124 409 3210 Byz.
434 3127 561 3211 quibus,
586 3130 640 3192 ubi
662 3150 778 3193 versus
800 3130 855 3194 ille
877 3130 984 3194 lliadis
1006 3130 1164 3212 laudatur,
1188 3133 1272 3213 pari-

163 3238 212 3292 ter
234 3228 331 3293 lectio
353 3227 494 3304 Αἰθίοπες
516 3236 638 3298 servari
661 3235 787 3301 dicitur.
818 3234 942 3315 Quibus
956 3234 1143 3299 auctoribus
1154 3244 1272 3298 testem

163 3350 180 3394 a
202 3330 346 3418 Bergkio
369 3336 553 3419 neglectum
575 3337 730 3401 addamus
752 3338 815 3421 ipsi
845 3337 983 3403 laudatis
1013 3338 1114 3403 multo
1136 3338 1272 3422 antiqui-

164 3452 263 3516 orem,
286 3437 314 3498 si
337 3436 464 3520 quidem
487 3459 564 3503 vera
597 3450 672 3505 sunt
702 3462 785 3524 quae
815 3442 884 3506 cius
908 3442 948 3506 de
976 3443 1144 3523 scriptoris
1166 3452 1273 3506 aetate

162 3557 266 3619 nuper
284 3540 457 3603 constituta
474 3550 567 3623 sunt,
584 3543 625 3621 ¹⁰)
648 3542 817 3608 Geminum
836 3547 867 3608 in
887 3544 1010 3608 Pctavii
1028 3543 1158 3608 Uranol.
1170 3565 1202 3628 p.
1217 3545 1270 3625 53,

164 3637 224 3701 nisi
237 3638 398 3703 Cratetem
413 3642 520 3725 ipsum
535 3643 780 3728 Pergamenum,
799 3648 891 3711 cuius
907 3647 961 3710 ille
974 3647 1016 3710 de
1030 3647 1094 3709 loci
1108 3646 1272 3711 Homerici

163 3759 224 3803 una
246 3745 387 3824 appositi
408 3748 533 3810 ratione
556 3750 746 3812 sententiam
765 3750 892 3821 ¹refert:
920 3770 1014 3833 quam
1037 3750 1208 3813 lectionem
1230 3768 1271 3814 υο

162 3844 265 3926 magis
298 3847 452 3912 credibile
485 3862 536 3915 est
569 3873 587 3916 a
618 3851 747 3916 Cratete
780 3853 990 3936 approbatam
1020 3873 1105 3934 esse,
1145 3872 1210 3936 quo
1233 3872 1271 3916 ea
1326 3875 1330 3892 ι

163 3951 320 4014 sermonis
343 3956 530 4039 anomaliae,
566 3979 660 4044 quam
684 3958 845 4023 Cratetem
874 3959 908 4022 iu
938 3958 1090 4041 regendis
1112 3959 1271 4028 sermonis

162 4054 288 4140 legibus
310 4060 570 4148 scriptorumque
600 4066 682 4129 locis
705 4065 879 4130 tractandis
902 4077 1076 4150 sequutum
1098 4085 1173 4130 csso
1195 4085 1271 4129 con·

164 4210 451 4229 ——'·——-·-—-

199 4285 242 4352 to)
262 4281 296 4342 V.
316 4285 441 4341 Brandes
458 4289 486 4342 in
505 4288 592 4344 lahnii
607 4289 701 4345 Jahrb.
720 4288 816 4364 Suppl.
836 4286 867 4342 Τ.
885 4285 960 4347 ΧΙΙΙ.
979 4307 1006 4365 μ.
1026 4293 1086 4348 ltu.
1157 4354 1160 4360 Δ
