2902 4822
701 458 751 534 tt

172 653 340 740 ξηρότερα·
361 654 396 719 τὸ
418 650 452 716 δὲ
475 675 492 716 ο
515 646 621 723 ὀδύνας
642 645 663 733 ἢ
686 643 788 733 ούροό·
816 650 886 712 ἔνιοι
908 645 974 712 όταν
998 644 1176 729 ἐπικείμενον
1198 645 1281 712 ἄνον-
1336 665 1341 673 ’

171 765 223 826 θεν
244 761 305 847 ἔχῃ
334 759 368 824 τό
398 778 426 837 ο,
452 754 520 821 τότε
549 754 695 838 σημαίνειν
716 752 751 816 τὸ
782 750 869 837 ούρον
903 745 987 831 αύτύ,
1022 746 1205 835 γραφόμενον
1239 750 1283 825 ὡς

171 859 296 928 εἶιύθασι
326 860 361 925 τὸ
384 858 481 933 ούτονς
503 856 559 941 [an
582 857 665 921 sorte
688 854 763 940 ott]
785 851 906 940 γράφειν
928 855 988 934 ¹²)·
1007 851 1042 917 τὸ
1065 852 1100 917 δὲ
1122 875 1144 915 π
1166 855 1283 937 πλῆθος

171 964 190 1050 ἢ
214 964 335 1029 πτύελον
363 959 498 1046 ἢπυρὸν
520 959 542 1044 ἢ
564 958 688 1044 πυρετὸν
708 957 728 1043 ἢ
751 957 912 1042 πνεύμονος
933 953 1052 1033 πάθος·
1084 954 1118 1022 τό
1147 978 1180 1019 πι
1201 949 1229 1021 θ’
1252 954 1282 1019 ἐν
1354 972 1358 979 ’

170 1065 254 1152 αύτῷ
276 1061 364 1149 μέσον
387 1064 458 1147 ἔχον
479 1062 514 1127 τὸ
542 1086 561 1143 ι,
583 1059 689 1127 καθότι
710 1061 901 1146 προείρηται,
923 1059 957 1125 τύ
980 1057 1102 1124 πιθανὸν
1125 1060 1226 1141 δηλοῖ·
1247 1056 1282 1122 τό

171 1167 206 1232 δὲ
228 1189 246 1253 ρ
269 1163 350 1251 ῥύσιν
371 1164 391 1250 ἢ
413 1161 514 1250 ῥῖγος·
538 1165 573 1229 τὸ
596 1163 631 1228 δὲ
653 1163 969 1249 ρφρενῖτινῆρθίσιν·
989 1163 1024 1228 τὸ
1037 1161 1071 1227 δὲ
1083 1185 1101 1226 c
1113 1159 1283 1246 cnccpbnh

171 1267 323 1355 στομάχου
346 1266 491 1335 κάκωσιν·
514 1269 548 1333 τὸ
572 1266 745 1332 δὲττόκον·
770 1266 802 1331 τὸ
826 1266 864 1331 ’δὲ
883 1292 898 1332 ο
919 1265 1014 1348 ύγείαν
1032 1263 1052 1349 ἢ
1070 1261 1281 1348 ὑποχόνδριον·

169 1371 205 1437 τό
229 1370 265 1436 δὲ
286 1395 308 1456 χ
329 1370 422 1456 χολὴν
443 1371 463 1456 ἢ
485 1374 642 1454 χολῶδες·
662 1370 698 1435 πὸ
722 1368 755 1433 δὲ
778 1374 800 1454 ψ
825 1369 921 1454 ψύξιν·
944 1368 978 1434 τὸ
999 1366 1032 1433 δέ
1050 1393 1076 1432 ιο
1091 1365 1239 1451 ὠμότητα.
1343 1378 1346 1382 ”

257 1476 347 1542 Haec
370 1479 476 1541 omnia
508 1497 592 1560 quae
615 1477 655 1539 de
678 1478 802 1561 origine
823 1476 948 1539 illarum
984 1486 1132 1538 notarum
1162 1472 1283 1558 Hippo·

171 1583 364 1645 cratiearum
387 1593 419 1646 et
448 1583 490 1646 de
512 1582 742 1646 controversiis
774 1601 873 1663 super
894 1581 934 1643 iis
962 1579 1090 1662 agitatis
1122 1578 1282 1640 enarravi-

171 1704 256 1767 mus,
290 1686 319 1748 si
351 1686 561 1750 recordamur
591 1683 722 1749 saeculo
755 1684 824 1747 sere
864 1693 937 1746 ante
971 1682 1194 1746 Aristarchum
1230 1680 1283 1743 vel

170 1789 268 1851 etiam
289 1789 362 1872 ipso
385 1791 448 1853 iam
470 1792 546 1853 vivo
569 1789 740 1870 accidisse,
763 1787 849 1851 haud
879 1786 963 1850 mele
985 1783 1166 1848 videbimur
1188 1783 1282 1847 nobis

170 1901 325 1974 statuere,
359 1892 445 1957 hunc
476 1895 508 1956 in
543 1891 701 1978 signando
740 1888 883 1953 {lomere
923 1888 1120 1952 medicorum
1155 1886 1282 1950 illorum

170 1995 354 2079 exemplum
384 2000 557 2079 imitatum,
594 2009 649 2061 aut
679 2006 766 2060 certe
798 1995 990 2059 auctoritate
1019 2014 1131 2058 corum
1165 1993 1282 2056 fretum

169 2098 205 2160 in
228 2098 363 2165 consilio
386 2120 447 2165 suo
470 2101 666 2184 perficiendo
689 2099 909 2165 confirmatum
933 2117 1018 2162 esse.

671 2281 700 2347 s.
728 2273 780 2335 20.

214 2395 264 2450 De
285 2362 389 2452 notis
417 2397 624 2468 lyricorum
648 2405 683 2456 et
712 2397 1004 2454 dramaticorum
1030 2399 1235 2465 poetarum.
1277 2390 1278 2393 ’

253 2544 349 2611 Notis
372 2546 608 2630 Hippocraticis
641 2549 774 2633 propius
797 2548 838 2613 ad
867 2548 1034 2633 signorum
1065 2544 1280 2609 Aristarchio-
1339 2559 1340 2562 ’
1403 2571 1409 2578 r

165 2664 238 2707 rum
277 2648 417 2712 indoiem
452 2663 484 2713 et
524 2654 595 2734 ipso
626 2653 816 2718 Aristarcho
859 2654 1019 2737 antiquius
1055 2651 1142 2714 aliud
1174 2660 1278 2733 'genus

165 2748 303 2834 accedit,
323 2773 388 2836 quo
408 2756 584 2849 carminum
601 2766 634 2820 et
649 2758 824 2842 lyricorum
845 2769 877 2822 et
899 2757 1147 2820 dramaticorum
1167 2764 1279 2818 aucto-

165 2867 221 2910 res
244 2847 442 2934 Hephaestio
464 2856 576 2921 ultimo
610 2857 681 2921 libri
704 2859 744 2921 de
768 2861 878 2924 metris
908 2860 1014 2942 eapite
1044 2852 1112 2940 περὶ
1148 2854 1278 2937 σημείων

163 2951 322 3035 inscripto
366 2976 446 3022 usos
491 2980 565 3024 esse
599 2971 744 3025 testatur.
798 2963 907 3047 Atque
942 2962 1031 3045 quod
1065 2959 1169 3042 primo
1203 2957 1279 3021 loeo

167 3119 454 3136 ’,Ἦ-.-

202 3156 247 3220 12)
265 3154 364 3211 Posset
386 3174 521 3213 nonnemo
546 3177 580 3215 ex
598 3160 652 3214 hoc
670 3161 743 3224 ioco,
767 3161 839 3233 quod
863 3178 944 3234 cprc
962 3180 998 3229 ce,
1025 3168 1053 3216 et
1076 3159 1128 3214 hoc
1152 3175 1279 3232 compen·

267 3240 345 3296 diosc
363 3261 412 3315 pro
432 3243 512 3321 ούρον,
529 3250 661 3318 scriptum
682 3256 766 3314 essct,
785 3248 819 3302 de
839 3251 982 3304 vetustatis
1000 3265 1051 3302 usu
1077 3249 1208 3316 cogitare,
1226 3263 1279 3318 qua

220 3360 225 3365 -
266 3326 288 3380 0
307 3345 357 3399 pro
376 3329 541 3401 diphthongo
566 3333 609 3386 ΟΥ
626 3335 711 3388 scribi
731 3336 850 3392 solitum.
887 3336 944 3390 Sed
968 3336 1076 3391 obstant
1095 3343 1189 3389 cetera
1207 3334 1278 3387 litte-

267 3430 360 3468 rarum
379 3418 533 3488 compendii
551 3419 614 3473 loro
632 3421 810 3476 adhibitarum
831 3422 964 3493 exempla,
990 3439 1059 3494 quse
1077 3423 1159 3491 louge
1180 3437 1278 3474 reeen-

267 3499 366 3553 tiorem
388 3509 507 3557 aetatem
530 3507 646 3576 sapiunt,
671 3516 700 3560 ut
719 3508 791 3578 quod
808 3507 930 3561 Galenus
954 3508 1048 3574 refert,
1072 3509 1125 3562 litt.
1146 3505 1278 3575 osignifi·

266 3599 349 3638 casse
369 3584 441 3661 ούρον
460 3604 488 3641 m
508 3588 618 3644 dubium
637 3594 788 3646 vocandum
807 3592 940 3649 videatur.
976 3593 1050 3648 Nihil
1069 3593 1142 3649 aliud
1161 3611 1195 3646 ea
1213 3597 1278 3645 neta

265 3672 319 3723 nisi
340 3668 433 3740 ὀδύνας,
453 3683 499 3730 aut
517 3677 591 3730 aliud
609 3679 800 3750 qualecunque
818 3679 980 3733 vccabulum
988 3697 1092 3752 puram
1111 3697 1124 3731 ο
1142 3681 1170 3731 in
1188 3676 1278 3731 fronte

269 3775 369 3828 gerens
396 3761 591 3831 designaverit.
637 3763 753 3818 Accedit
784 3764 856 3834 quod
887 3767 949 3819 voci
979 3764 1049 3842 οὖρον
1082 3761 1276 3836 exprimendae

265 3843 342 3899 alind
368 3846 476 3914 signum
502 3850 643 3904 inventum
665 3850 729 3915 suit,
757 3851 891 3905 videlicet
916 3871 938 3919 a,
963 3852 1035 3923 qued
1054 3853 1159 3906 seriore
1179 3857 1278 3915 aetate,

266 3932 374 4000 quando
394 3932 499 3987 duabus
517 3934 615 3990 litteris
635 3938 712 3990 iuxta
731 3937 886 3991 scribendis
910 3942 1026 4011 spatium
1043 3939 1165 4004 deesset,
1192 3937 1278 3992 scribi

264 4026 399 4089 coeptum,
419 4019 533 4090 posthac
552 4024 580 4075 in
593 4023 736 4091 vulgarem
756 4025 911 4094 compendii
928 4042 1008 4079 nsum
1027 4029 1121 4085 cessit.
1156 4023 1191 4077 V.
1209 4023 1277 4095 Syt-

264 4098 317 4171 log.
338 4104 422 4159 inser.
442 4122 467 4175 p.
487 4108 538 4157 263
556 4115 585 4161 et
603 4112 662 4164 576.
699 4108 781 4181 Apud
799 4109 994 4180 Hippocratem
1012 4111 1091 4184 Epid.
1109 4111 1154 4168 ΙΙΙ.
1178 4109 1210 4168 Τ.
1229 4110 1276 4163 ΙΙΙ.
1329 4158 1331 4160 .

263 4204 290 4259 p.
311 4191 371 4246 too.
391 4191 418 4242 in
441 4189 642 4264 subscriptione
662 4194 788 4264 vulgatur
806 4207 867 4252 nota
887 4195 939 4264 ΟΥ,
964 4214 1034 4269 quae
1053 4201 1106 4253 iam
1126 4215 1181 4271 quo
1195 4195 1276 4262 modo

261 4275 365 4346 scripta
384 4273 466 4329 suerit
483 4286 557 4331 nnnc
578 4277 648 4333 haud
670 4281 833 4351 ignoremus.
1161 4286 1162 4290 ’
