2902 4822
681 433 758 524 tto

163 648 230 704 met
250 637 412 704 Lucianus
441 659 502 724 pro
524 637 716 723 imaginihus
751 658 778 704 c.
802 642 854 705 24.
877 629 913 707 Τ.
936 638 973 704 11.
995 660 1027 725 p.
1051 640 1123 706 504.
1152 641 1276 708 licitur

165 739 241 808 ὅτὰ
273 740 350 808 νόθα
382 741 632 831 ἐπισημηνάμενος
663 753 722 810 τῶν
756 730 836 810 ἐπῶν
870 742 900 810 ἐν
934 751 973 831 τῇ
1002 747 1187 834 παραγραφῇ
1215 754 1277 812 τῶν

166 843 290 929 ὀβελῶν.
345 848 442 913 Addo
475 847 586 915 schot.
619 849 706 914 Harl.
737 850 857 936 Odyss,
892 873 911 932 ι,
946 849 989 914 48
1022 851 1108 935 apud
1146 849 1276 917 Crame-

165 950 236 1015 ¹rum
270 950 394 1017 Anecd.
423 951 525 1018 Paris.
559 952 596 1018 r.
629 952 681 1018 111.
715 975 747 1039 p.
780 956 865 1020 458:
913 952 1147 1040 ἐπισημαίνονται
1178 954 1212 1021 δὲ
1245 953 1277 1022 ἔν’
1359 1041 1362 1046 ¹

161 1047 266 1120 Ἰλιάδι
297 1056 409 1138 γείτονα
443 1056 482 1142 μὴ
515 1054 695 1142 ὠνομάσθη·
735 1055 764 1123 ἐν
799 1056 835 1122 δὲ
862 1051 1027 1146 Ὀδυσσείᾳ
1061 1069 1122 1123 eto.
1178 1055 1277 1123 Aliud

166 1158 349 1242 exemplum
383 1179 424 1224 ex
458 1159 568 1225 Schol.
590 1163 631 1254 ,in
653 1161 735 1226 Plat.
759 1161 925 1226 'l'imaeum
955 1160 1038 1226 daho
1063 1167 1090 1236 s.
1114 1161 1166 1226 68.
1210 1157 1278 1227 lant

166 1282 230 1348 ego
253 1264 380 1348 quidem
402 1285 467 1330 non
491 1286 622 1351 quaero,
647 1287 709 1353 qua
733 1279 840 1332 mente
861 1267 970 1332 locum
992 1263 1127 1332 Hesiodi
1150 1261 1277 1333 Αιίείοὁ

166 1365 447 1453 promptarii,
482 1372 511 1435 si
533 1370 630 1434 modo
653 1371 866 1448 concedatur,
900 1380 975 1433 nota
1008 1387 1081 1433 eum
1114 1370 1145 1432 in
1171 1368 1279 1455 desige

166 1473 275 1539 nando
296 1475 370 1540 loco
391 1463 486 1541 usum
509 1497 599 1542 esset
623 1497 728 1562 neque
751 1495 873 1562 quaero
896 1495 979 1560 quae
1001 1471 1135 1538 Hesiodi
1158 1475 1279 1559 scripta
1352 1470 1353 1473 ’

166 1575 402 1662 Aristophanes
426 1582 536 1646 critice
564 1582 716 1647 tractarit.
740 1580 767 1658 ¹)
807 1581 901 1646 Alter
929 1579 1022 1646 locus
1045 1590 1150 1645 exstat
1167 1576 1277 1644 Schol.

167 1681 210 1746 ad
231 1680 290 1748 Th.
315 1683 378 1746 126
409 1695 474 1748 tam
498 1697 670 1769 corruptus
702 1696 736 1749 ut
759 1684 811 1749 vel
835 1684 965 1750 dubium
988 1686 1046 1768 sit,
1083 1683 1123 1748 an
1146 1683 1279 1749 criticus

167 1782 403 1870 Aristophanes
427 1790 640 1874 significetur:
664 1791 715 1855 cui
737 1791 810 1855 loco
832 1789 1032 1855 restituendo
1056 1809 1119 1854 non
1142 1809 1201 1874 par
1219 1788 1281 1852 fuit

167 1891 330 1975 ingenium
360 1883 499 1958 Nauckii
528 1895 695 1979 Aristoph.
726 1915 758 1980 p.
780 1896 833 1976 60,
865 1896 957 1959 cuius
991 1905 1172 1960 commento
1196 1893 1280 1958 adeo

166 1994 298 2080 fadum,
321 2007 356 2062 ut
377 1999 605 2084 Aristophanis
627 2019 745 2065 nomen
766 1998 841 2064 looo
861 1997 1059 2064 discesserit.
1074 1998 1101 2079 ³)
1164 1991 1167 1995 ’

254 2103 476 2169 Aristarchum
497 2107 570 2189 iam,
591 2108 683 2172 ouius
697 2106 837 2172 ostendit
847 2103 1052 2168 Muetzelliu's
1066 2103 1087 2166 1.
1100 2101 1120 2167 1.
1133 2124 1165 2189 p.
1176 2101 1238 2168 189
1250 2105 1281 2180 ⁴)

167 2198 333 2271 exstitisse
365 2207 439 2270 olim
462 2207 619 2295 integram
649 2208 1119 2296 'lhcogoniae'recensionem²
1145 2203 1280 2292 eamque

168 2311 367 2376 adstructam
401 2331 507 2378 rerum
540 2316 723 2380 criticorum
745 2313 1086 2400 grammaticarumque
1120 2325 1281 2375 commen·

167 2413 270 2496 tariiS,
292 2434 357 2478 non
380 2417 566 2481 mirabimur
597 2416 630 2480 id
653 2438 735 2502 opus
759 2417 787 2481 si
819 2417 888 2499 pari
912 2415 1010 2479 modo
1040 2425 1136 2499 atquc
1159 2414 1191 2477 in
1213 2408 1282 2509 Hoj

168 2516 260 2580 meris
272 2519 466 2584 carminibus
489 2519 687 2586 illustrandis
709 2520 922 2605 notandisque
944 2519 1138 2605 profligavit.
1173 2513 1282 2600 Quid?

170 2619 258 2703 quod
281 2621 321 2686 ad
345 2641 459 2687 vocem
480 2625 601 2700 λακίδες
622 2626 798 2690 afferuntur
819 2645 836 2689 a
860 2625 1077 2710 grammaticis
1102 2620 1283 2687 Aristarchi

169 2728 282 2812 Σημεῖα
300 2725 461 2812 Ἡσιόδου,
495 2751 595 2797 sensu
617 2733 709 2797 vocis
733 2732 862 2816 quidem
885 2751 948 2794 non
972 2730 1051 2794 satis
1072 2728 1187 2812 plano,
1222 2724 1282 2790 sed

169 2852 213 2896 ex
236 2836 329 2900 cuius
352 2838 476 2902 ratione
503 2839 536 2901 in
570 2833 835 2918 commentarios,
866 2835 899 2897 in
928 2833 1045 2918 quibus
1072 2830 1167 2896 simul
1192 2839 1283 2893 nota·

149 2958 242 3004 ‘rum
276 2961 356 3006 usus
378 2941 485 3007 locum
514 2942 670 3026 hahuerit,
702 2942 922 3006 coniecturam
951 2939 1059 3002 iacere
1081 2936 1185 3000 liceat.
1230 2931 1281 2996 Ac

171 3044 213 3109 de
235 3045 338 3130 signis
362 3047 482 3112 criticis
505 3067 619 3111 vocem
642 3044 798 3110 intellexit
821 3041 1036 3127 Goettlingius
1068 3037 1175 3102 Praei.
1202 3033 1280 3104 Hes.

169 3168 202 3233 p.
225 3146 343 3212 xxxi.
376 3149 428 3213 ed.
451 3173 501 3234 pr.
524 3148 658 3215 .Utrum
691 3150 754 3212 iam
776 3147 919 3231 Operum
953 3153 984 3206 et
1007 3141 1140 3206 Dierum
1172 3139 1282 3204 locum

170 3253 332 3338 quendam
360 3275 400 3319 an
435 3253 659 3341 Theogoniae,
699 3251 786 3339 quod
820 3246 940 3335 mavult
969 3240 1205 3328 Muetzellius‚¹
1227 3242 1280 3309 illa

169 3359 293 3422 notatio
316 3361 482 3443 spectarit,
516 3363 549 3425 in
571 3360 677 3425 medio
701 3358 858 3441 relinquo,
893 3352 972 3417 satis
995 3350 1117 3415 hahens
1141 3367 1280 3412 comme·

169 3478 308 3543 morare,
333 3462 427 3525 etiam
450 3463 482 3525 in
500 3461 607 3546 Opera
630 3460 793 3524 exstitisse
815 3454 995 3519 Aristarchi
1018 3449 1217 3536 ὑπομνήματα,
1241 3447 1282 3512 de

170 3562 289 3648 qutihus
318 3564 403 3629 idem
427 3565 602 3648 disputavit
632 3562 843 3629 Muetzellius.
893 3561 1002 3646 Atque
1033 3559 1117 3624 haud
1149 3557 1217 3623 scio
1241 3575 1282 3620 an

168 3664 456 3733 ubiAristarohus
488 3670 688 3754 prooemium
711 3668 853 3753 Operum
884 3668 917 3731 in
940 3666 1060 3750 spuriis
1088 3661 1239 3746 retulisse
1262 3679 1282 3724 a

222 3873 253 3939 2)
271 3869 346 3925 Idem
365 3880 512 3954 senserunt
530 3873 738 3930 Schoemannus
764 3892 789 3947 p.
808 3877 839 3927 21
861 3880 888 3928 et
906 3868 1049 3927 Nauchius
1073 3890 1099 3944 p.
1119 3872 1163 3928 to.
1183 3842 1184 3845 .

221 3994 251 4063 8)
270 3992 478 4054 Schoemannus
506 4016 532 4071 p.
557 4000 591 4050 22
617 3999 698 4053 aliam
725 3997 797 4051 viam
823 3991 977 4064 corrigendi
1001 3993 1154 4061 ingrossus,
1173 3988 1283 4044 Aristo·

273 4079 372 4152 phanis
396 4084 442 4138 vel
463 4085 562 4140 similis
580 4083 698 4139 nominis
715 4083 832 4151 vestigia
858 4076 968 4151 quidem
993 4080 1123 4143 servavit,
1148 4092 1283 4146 grammu-

274 4167 347 4224 ttcus
365 4178 455 4227 umen
473 4172 673 4247 Aristophanes
696 4185 731 4225 sn
755 4167 935 4239 significetur,
959 4166 987 4218 in
1005 4162 1096 4219 medio
1113 4163 1250 4234 relinquit

223 4288 254 4360 4)
271 4287 305 4349 V.
324 4286 507 4349 Schoemunn.
525 4308 552 4367 p.
571 4293 596 4351 8.
1013 4374 1080 4441 ψ
