2902 4822
737 436 818 512 218

223 627 486 693 accommodatus
510 637 560 692 est
581 625 767 712 Evangeliis
801 626 967 708 notandis,
990 646 1127 710 quorum
1149 627 1337 711 exemplum

224 740 366 814 praestat
399 730 511 793 Codex
545 729 766 815 sangallensis
806 752 824 794 a
859 730 999 816 Rettigic
1032 751 1207 807 excussus,
1238 751 1336 815 quern

224 832 408 918 v.·Prcleg.
431 854 462 916 p.
484 833 567 899 XLI.

309 939 348 1015 2)
373 937 498 1003 Obclus.
540 935 740 1020 Epiphanius
770 959 800 1021 p.
831 938 913 1002 160:
948 935 1098 1022 παρετέθη
1126 937 1161 1002 δὲ
1188 947 1254 1013 ταῖς
1281 947 1337 1024 τῆς

223 1041 309 1114 θείας
330 1047 447 1124 γραφῆς
468 1037 592 1120 λέξεσιν,
624 1049 688 1114 ταῖς
720 1039 803 1123 παρὰ
833 1049 893 1113 τοῖς
922 1042 1125 1124 ἑβδομήκοντα
1150 1040 1205 1106 δύο
1235 1042 1336 1126 ἑρμη-

224 1152 335 1217 νευπαῑς
363 1140 516 1227 κειμέναις,
547 1142 629 1227 παρὰ
658 1142 694 1221 δὲ
713 1152 774 1218 τοῖς
796 1142 863 1227 περὶ
882 1138 1011 1208 Ἀκύλαν
1041 1139 1091 1208 καί
1112 1143 1271 1228 Σύμμαχον
1294 1145 1336 1230 μὴ

224 1242 443 1330 ἐμφερομέναις.
472 1241 523 1327 ἀφ’
557 1247 670 1312 ἑαυτῶν
706 1245 762 1331 γὰρ
792 1247 819 1312 οἱ
849 1246 1051 1331 ἑβδομήκοντα
1074 1247 1134 1312 -δύο
1164 1247 1338 1332 έφμαμευταὶ

222 1346 403 1423 ταύταςτὰς
429 1346 524 1423 λέξεις
555 1347 757 1433 προσέθηκαν,
786 1349 840 1415 ούκ
863 1349 903 1424 εἰς
924 1346 1028 1433 μάτην,
1061 1346 1139 1415 ἀλλὰ
1161 1354 1273 1435 μᾶλλον
1295 1349 1337 1427 είς

224 1450 380 1535 ιὐφελείαν.
408 1460 472 1525 ταῖς
498 1451 555 1535 γὰρ
578 1451 709 1528 ἐλλιπῶς
731 1452 870 1536 ἐχούσαις
896 1451 993 1526 λέξεσι
1021 1453 1265 1535 πρυστεύεικύτες
1295 1452 1337 1531 εἰς

224 1555 395 1639 σαφήνειαν,
423 1555 474 1637 τὴν
503 1552 663 1637 ἀνάγνωσιν
691 1558 870 1641 παρήγαγον.
914 1557 1002 1619 Idem
1035 1556 1091 1618 ubi
1123 1570 1198 1639 pust
1220 1559 1336 1645 longus
1431 1588 1437 1597 ¹

225 1658 379 1742 ambages
415 1658 456 1720 ad
487 1680 554 1723 rem
583 1661 720 1724 recurrit
751 1682 781 1744 p.
815 1662 897 1724 164:
934 1657 1071 1742 Ἔφαμεν
1101 1655 1147 1724 ὅτι
1178 1657 1195 1724 ὁ
1228 1656 1336 1742 ὀβελὸς
1438 1715 1445 1731 ,

223 1757 322 1844 λόγχη
351 1756 482 1841 λέγεται·
516 1762 602 1843 ξίφος
621 1759 656 1827 δέ
681 1761 742 1828 ἐστι
771 1761 966 1848 ἀναιρετικὸν·
999 1763 1073 1827 ἔνθα
1098 1763 1192 1828 τοίνυν
1214 1786 1235 1848 η
1257 1761 1336 1838 λέξις

225 1861 390 1946 εὑρίσκεται
419 1861 502 1948 παρὰ
530 1863 582 1948 μὲν
614 1874 676 1941 τοῖς
707 1867 910 1952 ἐβδομήκοντα
945 1865 1000 1931 δύο
1026 1863 1153 1950 κειμένη,
1184 1863 1272 1931 ἐνύέ
1290 1868 1337 1946 cpi

222 1962 377 2051 Ἕβροϊκῷ
404 1967 444 2051 μὴ
470 1964 686 2053 ἀναφερομένη,
716 1967 750 2033 ἐκ
778 1979 832 2054 τῆς
859 1977 912 2035 τοῦ
934 1966 1043 2050 ὀβελυῡ
1070 1967 1264 2052 σημειῶσεως
1283 1977 1337 2035 πού

224 2079 262 2156 τῇ
283 2069 362 2144 λέξει
382 2070 597 2156 παρακειμένου
620 2075 769 2156 δηλοῦται,
793 2070 836 2137 ὅτι
857 2069 1001 2158 ἀνῄρηται
1023 2071 1040 2136 ὁ
1063 2070 1152 2153 λόγος
1182 2069 1244 2136 ἀπὸ
1265 2094 1336 2156 γεν-

224 2181 342 2257 νητικοῦ
363 2172 467 2256 τύπου,
499 2174 564 2260 ἤτοι
585 2184 639 2240 τού
663 2173 794 2259 ἐδάφους
820 2185 873 2262 τῆς
895 2185 1022 2261 γραφῆς,
1052 2175 1097 2250 ιύς
1125 2176 1165 2260 μὴ
1188 2173 1336 2260 ὑπάρχων

225 2273 255 2342 ἐν
288 2284 333 2364 τῶ
367 2274 451 2362 τύπιρ
484 2285 538 2363 τῆς
571 2279 683 2359 βίβλου.
727 2280 810 2345 Turn
843 2303 874 2363 p.
906 2281 982 2361 173,
1018 2279 1075 2343 ubi
1105 2281 1337 2343 asteriscorum

226 2381 382 2445 rationem
412 2383 572 2464 exposuit,
597 2382 637 2446 de
661 2383 818 2469 Origene:
853 2382 997 2456 ὡσαύτως
1020 2380 1054 2446 δὲ
1076 2379 1186 2447 καὶτὰ
1207 2404 1338 2466 προστε-

227 2480 316 2549 θέντα
346 2481 402 2547 υύκ
430 2480 579 2566 ἀφείλετο,
604 2481 692 2559 εἰδὼς
720 2483 764 2550 ὅτι
786 2484 882 2551 αὐτῶν
912 2482 1025 2568 μᾶλλόν
1049 2482 1109 2549 ἐστι
1130 2485 1228 2569 χρεία,
1260 2481 1340 2551 ἄλλο’

227 2584 302 2671 μετὰ
332 2581 458 2666 ὀβελῶν,
485 2587 559 2651 truc
580 2587 703 2653 ἕκαστον
735 2586 976 2673 τῶνείρημένων
1007 2585 1101 2671 εὗρεν,
1131 2587 1224 2668 εἴασε,
1252 2585 1340 2672 μόνον
1380 2588 1383 2593 ’

228 2685 471 2773 σημειωσαίμενυς
500 2687 549 2753 διὰ
569 2697 622 2755 τοῦ
644 2689 751 2772 ύβελυό
777 2693 827 2775 τὴν
849 2689 991 2775 περὶτῆς
1012 2693 1065 2755 τού
1086 2686 1179 2754 τύπου
1201 2687 1340 2771 ἐναγού-

227 2814 307 2866 σεως
330 2790 451 2874 εἴδησιν.
495 2791 595 2857 Cuius
618 2795 831 2859 abundantiae
861 2793 1009 2874 exempla
1038 2792 1196 2874 quaedam
1217 2791 1342 2855 nctavh

228 2893 444 2959 Eichlrcrnius
475 2896 496 2959 l.
520 2897 540 2959 l.
563 2918 595 2979 p.
618 2898 692 2962 485.
736 2896 880 2962 Eandem
913 2906 1011 2959 notae
1039 2904 1233 2977 potestatem
1262 2912 1341 2958 ccu-

228 3000 355 3065 firmant
376 2998 492 3064 Florus
523 3000 543 3063 l.
568 3000 586 3064 Ι.
611 3013 643 3064 et
664 3001 819 3083 isidorus,
854 3000 907 3065 hic
929 2998 1123 3081 Fragmento
1152 2997 1172 3060 l.
1194 3007 1227 3061 et
1249 2997 1340 3083 Orig.

228 3102 253 3185 l,
277 3103 330 3185 20,
353 3103 389 3166 3:
425 3103 579 3185 νΟύεΙυε,
601 3105 635 3167 id
657 3116 708 3168 est
731 3102 855 3188 virgula
876 3103 998 3183 iacens,
1021 3103 1194 3184 apponitur
1215 3103 1249 3165 in
1267 3121 1341 3164 ver·

229 3205 279 3271 bis
301 3206 354 3269 vel
374 3207 408 3268 in
429 3207 597 3270 sententiis
620 3207 784 3289 superflue
806 3207 941 3288 iteratis,
964 3207 1034 3269 sive
1056 3206 1089 3268 in
1110 3204 1150 3268 iis
1168 3203 1262 3285 locis,
1284 3202 1341 3269 ubi

228 3310 325 3376 lectio
359 3308 466 3392 aliqua
499 3308 638 3373 falsitate
663 3319 772 3373 notata
804 3317 872 3389 cst,
906 3318 942 3371 ut
964 3309 1056 3391 quasi
1078 3307 1195 3391 sagitta
1217 3305 1341 3392 iugulet

229 3431 431 3497 supervacua
465 3421 562 3496 atque
584 3413 666 3478 falsa
689 3410 881 3491 confodiat,t
919 3411 975 3474 ubi
1008 3430 1092 3493 quae
1121 3410 1162 3473 de
1184 3404 1342 3474 falsorum

229 3518 394 3582 notatione
415 3527 604 3599 monentur,
634 3517 676 3581 ad
699 3534 821 3579 murem
843 3534 957 3578 sacrae
979 3514 1159 3596 scripturae
1180 3511 1343 3577 notandae

229 3620 407 3686 adhibitum
439 3619 471 3681 in
501 3621 672 3702 propatulo
696 3629 834 3682 estnon
856 3618 1028 3699 pertinere,
1063 3617 1184 3700 quippe
1213 3636 1255 3680 ex
1278 3615 1341 3681 alio

230 3744 350 3809 genere
373 3733 405 3787 et
428 3722 557 3806 quidem
579 3724 759 3807 antiquiore
782 3721 942 3785 adiuncta.
986 3720 1021 3783 ln
1043 3719 1147 3804 figura
1169 3738 1250 3783 vero
1271 3738 1342 3783 mc·

229 3827 369 3892 nendum
392 3846 411 3890 a
433 3826 667 3891 consuetudine
688 3826 893 3908 antiquorum
914 3822 1155 3888 ecclesiasticos
1177 3816 1367 3906 paulisper

230 3931 435 4012 discessisse,
470 3930 589 4013 quippe
611 3929 747 3993 formam
776 3928 914 4010 sagittae
943 3927 996 3990 vel
1029 3925 1142 3990 hastae
1164 3925 1251 3990 hunc
1271 3924 1350 3989 fere·
1392 3988 1396 3995 ,

230 4037 263 4100 in
299 4033 429 4099 modum
476 4044 535 4101 —>'
558 4032 768 4111 exhibentes,
802 4031 855 4093 vel
888 4031 1051 4113 antiquam
1084 4028 1171 4093 obeli
1204 4029 1342 4092 formam

230 4136 315 4202 binis
347 4137 475 4219 punctis
508 4136 706 4221 adaugentes
737 4134 806 4214 -ξ-.
858 4130 908 4197 De
939 4132 993 4196 illa
1030 4131 1230 4216 Epiphanius
1258 4128 1341 4195 lit

231 4239 451 4328 πινυτῶς
470 4235 614 4325 τοίνυν
634 4243 671 4327 νύ
691 4233 857 4324 καλουμένη
884 4241 1015 4323 ιοαωιῐ·
1040 4231 1150 4320 ὀβελὸς
1170 4231 1211 4303 tt·
1226 4228 1343 4318 unq.
