2902 4822
612 454 692 530 209

94 639 285 728 παραθέσθαι
316 641 417 729 ῥήσεις
452 644 542 718 ἄξιον.
592 639 729 720 Ἀττικὸς
761 645 813 730 μὲν
849 645 899 714 οὖν
931 647 982 714 καὶ
1013 647 1207 734 Πλούταρχος

96 744 225 829 tricilar,
247 747 297 813 καί
319 747 409 822 εἴτις
431 748 524 823 ἄλλος
545 748 663 832 γενητὸν
691 741 766 814 εἶναι
795 749 872 816 κατὰ
894 750 1000 836 χρόνον
1021 752 1072 818 τὸν
1094 751 1206 838 κόσμον

96 851 154 916 ὑπὸ
186 849 348 928 Πλάτωνος
379 850 519 934 λέγεσθαι
555 850 726 936 ἀπεφήνατο
756 865 817 918 etc.
872 854 1055 939 Scripsisse
1088 877 1129 921 ex
1156 858 1207 922 his

97 959 250 1020 coniicias
282 959 425 1021 Atticum
455 959 487 1020 in
519 956 684 1020 Timaeum
718 958 774 1036 (de
805 958 869 1021 alio
903 959 1032 1044 dialogo
1060 960 1206 1024 Platonis

97 1081 172 1122 mox
189 1061 385 1140 videbimus)
411 1062 669 1142 commentarios,
697 1080 780 1144 quos
799 1061 840 1124 ab
855 1061 1024 1127 Atticianis
1044 1063 1107 1127 illis
1128 1064 1208 1128 anti·

96 1165 228 1246 graphis
255 1165 468 1253 dicernendos
490 1185 575 1244 esse,
599 1173 737 1227 testatur
759 1164 846 1248 quod
867 1163 1009 1230 Galenus
1032 1169 1209 1231 variantem

98 1266 182 1328 illam
206 1258 376 1341 lectiou‘cm
400 1288 464 1330 non
488 1289 529 1332 ex
549 1268 799 1349 commentariis,
824 1267 883 1330 sed
906 1288 947 1332 ex
970 1269 1209 1353 exemplaribus

97 1369 160 1432 illis
183 1369 298 1433 afferre
322 1390 359 1434 se
380 1371 558 1454 profitetur.
591 1371 701 1433 Recte.
737 1369 897 1434 Diversae
919 1373 1030 1456 utique
1053 1374 1210 1437 conditio·

99 1473 148 1535 nis
172 1483 343 1557 utrumque
368 1494 451 1557 opus
474 1475 543 1554 fuit,
568 1495 666 1557 quum
689 1493 772 1556 quae
802 1478 1040 1540 commentariis
1063 1496 1210 1559 compre-

99 1576 325 1658 henderentur,
350 1598 386 1640 ea
411 1577 452 1640 ad
474 1576 695 1660 philosophica
715 1575 859 1640 Platonis
885 1576 1002 1659 placita
1021 1578 1213 1643 illustranda

98 1680 272 1762 praecipue
301 1682 492 1744 inserviisse
520 1701 561 1744 ex
589 1700 629 1748 eo
660 1679 840 1764 colligitur,
864 1680 968 1763 quod,
991 1692 1027 1745 ut
1049 1702 1135 1746 nunc
1157 1701 1212 1746 res

99 1782 202 1864 habet,
233 1784 353 1848 nullum
388 1785 579 1868 relinquitur
609 1782 751 1864 dubium,
786 1783 863 1866 quin
895 1783 1000 1848 eidem
1023 1786 1134 1849 Attico
1156 1785 1213 1847 tri·

100 1884 226 1949 buenda
250 1888 314 1951 sint
337 1908 373 1951 ea
397 1888 575 1972 fragmenta
598 1885 832 1970 philosophica,
867 1907 951 1969 quae
984 1890 1128 1951 servavit
1149 1886 1215 1952 Eu·

100 1989 212 2052 sebius
244 1989 505 2074 Praeparationis
535 2010 649 2074 evang.
680 1987 762 2051 libro
792 1986 863 2051 XV.
908 1988 958 2053 Ac
986 1991 1217 2072 percommode
1292 2050 1300 2064 .

101 2092 228 2174 accidit,
260 2081 296 2156 ut
323 2095 406 2157 inter
435 2095 494 2157 has
517 2092 674 2156 Platonici
701 2090 897 2174 philosophi,
935 2112 1029 2175 quem
1053 2091 1216 2176 Georgius

101 2192 274 2278 Syncellus
307 2196 425 2260 Chron.
460 2218 491 2280 p.
521 2198 585 2260 353
620 2197 665 2279 (p.
695 2196 759 2258 666
788 2195 839 2257 ed.
867 2195 986 2273 Bona.)
1019 2194 1063 2259 M.
1092 2194 1217 2259 Aurelii

101 2308 204 2360 aetate
227 2299 349 2363 vixisse
372 2301 467 2363 tradit
480 2301 519 2383 ⁵),
543 2300 584 2364 ad
606 2298 741 2363 verbum
764 2309 910 2361 servatas
930 2297 1082 2382 reliquias
1100 2300 1129 2362 is
1144 2299 1216 2380 ipse

100 2400 193 2464 locus
216 2405 413 2486 reperiatur,
443 2424 540 2488 quem
563 2400 744 2465 Scholiasta
772 2399 917 2463 Platonis
953 2400 1139 2465 exscribere
1161 2400 1216 2464 vel

101 2504 244 2587 expilare
266 2507 458 2589 repudiavit,
483 2506 570 2590 quod
594 2505 714 2567 docere
735 2513 874 2585 possunt
895 2501 947 2565 vel
964 2524 1047 2587 quae
1063 2503 1216 2589 leguntur
1286 2507 1288 2513 ‘

101 2607 133 2668 in
154 2609 313 2691 principio
344 2610 499 2673 diatribae
530 2609 630 2672 verba
650 2628 683 2689 p.
705 2605 765 2672 80¹
803 2606 848 2689 (p.
870 2607 923 2669 29.
953 2607 1003 2670 ed.
1028 2605 1212 2688 Gaisford):
1303 2638 1311 2655 κ

100 2711 326 2795 Παραιτούμεθα
358 2710 392 2775 δὲ
424 2719 471 2777 νῦν
506 2712 545 2796 μὴ
579 2708 715 2796 ἐμποδὼν
743 2709 810 2794 ἡμῖν
843 2708 912 2782 τοὺς
946 2705 1007 2772 ἀπὸ
1039 2717 1093 2793 τῆς
1121 2705 1215 2794 adripe

101 2813 200 2887 ἑστίας
222 2811 306 2897 εἶναι,
329 2812 376 2890 οἷς
398 2813 520 2899 ἀρέσκει
541 2813 592 2880 καὶ
614 2811 690 2878 κατὰ
711 2808 856 2876 Πλάτωνα
878 2810 927 2874 τὸν
951 2807 1062 2896 κόσμον
1086 2808 1212 2895 ἀγέννη-

99 2939 147 2980 τον
170 2912 251 2982 εἶναι.
295 2920 409 2984 Δίκαιοι
429 2918 486 3003 γάρ
510 2915 578 2983 εἰσιν
601 2917 667 3001 ἡμῖν
691 2912 860 2997 συγγνώμην
882 2911 986 2997 νέμειν,
1016 2911 1042 2978 εἰ
1062 2911 1131 2997 περὶ
1152 2921 1212 2979 τῶν

101 3020 263 3086 δοκούντων
286 3020 422 3087 Πλάτωνι
442 3020 613 3104 πιστεύομεν
637 3013 683 3091 οἷς
705 3014 797 3090 αὐτὸς
810 3014 923 3100 Ἕλλην
947 3013 1212 3100 ἂνίτρὸςἝλλη-

99 3144 151 3196 νας
167 3122 246 3207 ἡμᾶς
265 3135 353 3209 σαφεῖ
371 3123 468 3190 τεκαὶ
493 3131 592 3209 aputu}
605 3129 649 3202 τῷ
668 3118 789 3203 στόματι
806 3120 967 3184 διείλεκται.
1006 3119 1211 3203 Comparatis

100 3227 162 3288 iam
185 3226 388 3294 Scholiastae
410 3239 443 3293 et
464 3228 597 3293 Eusebii
618 3227 700 3290 locis
729 3224 807 3288 nihil
829 3223 1074 3288 certius-videri
1095 3233 1224 3307 posset

151 3414 179 3482 5)
198 3413 273 3470 Nihil
292 3417 375 3486 igitur
393 3416 460 3469 vidit
477 3411 698 3481 DaremhergiuS,
717 3424 799 3480 quum
822 3406 943 3460 Atticum
963 3407 1085 3463 Lucieno
1109 3408 1209 3462 lauda·

204 3509 258 3555 tum
284 3502 401 3556 eundem
420 3517 482 3554 esse
508 3499 660 3555 coniiceret
679 3512 741 3549 cum
759 3494 868 3547 rhetore
891 3493 1071 3567 Pergameno,
1094 3493 1216 3564 Apollo·¹

205 3588 264 3642 dori
283 3588 429 3658 discipulo,
447 3602 527 3656 quem
551 3582 651 3637 Strabo
670 3584 773 3635 citaret.
808 3579 892 3632 Immo
917 3594 998 3640 uuum
1018 3587 1045 3632 et
1062 3578 1162 3632 Gelani
1181 3586 1210 3634 el

203 3675 318 3729 Luciani
335 3680 441 3726 aetates
459 3672 487 3722 in
505 3668 543 3723 M.
562 3668 670 3721 Aurelii
688 3667 831 3736 imperium
848 3664 979 3728 incidant,
1006 3660 1209 3747 consectarium

205 3779 268 3816 esse
296 3760 418 3822 videtur,
457 3756 575 3809 Atticum
608 3760 723 3824 utroque
755 3750 837 3821 paulo
861 3752 992 3803 maiorem
1015 3748 1103 3804 luisse
1130 3757 1219 3807 ‘natus
1272 3805 1274 3810 ,

203 3847 287 3913 Error
312 3853 354 3900 est
380 3842 500 3897 Fabricii
525 3840 594 3896 Bihl.
614 3839 660 3896 Gr.
680 3838 712 3896 T.
731 3839 777 3894 lll.
803 3854 830 3907 p.
849 3840 914 3902 164,
943 3835 1065 3888 Atticum
1082 3843 1208 3891 nostrum

202 3950 264 3986 cum
287 3931 396 3987 Herode
421 3929 581 3996 cognomine
606 3925 806 3980 confundentis.
842 3922 884 3978 De
907 3920 995 3991 patria
1009 3917 1106 3974 ‚Attici
1123 3922 1209 3975 nostri

204 4021 230 4072 si
249 4027 370 4074 statuere
390 4013 474 4080 lubet,
493 4013 616 4083 proclive
644 4010 738 4065 estad
756 4006 966 4077 coniiciendum,
989 4006 1017 4059 iu
1031 4022 1098 4076 agro
1115 4006 1209 4060 Attico
1247 4027 1251 4036 ¹

205 4122 267 4158 eum
284 4113 377 4159 natum
395 4119 467 4168 esse,
493 4097 712 4170 quandoquidem
736 4095 890 4166 posteriore
916 4099 1004 4145 aetate
1031 4091 1126 4163 plures
1143 4089 1209 4144 inde

206 4195 361 4245 nominatos
383 4192 519 4253 novimus,
537 4184 628 4255 qualis
651 4189 694 4236 est
717 4179 858 4254 Sphettius
875 4178 924 4232 ille
942 4177 1072 4248 sculptor,
1102 4177 1137 4231 de
1155 4189 1211 4246 quc

204 4277 231 4334 i.
250 4275 488 4333 Banu-Romam
506 4269 656 4340 Questious
674 4267 708 4323 de
728 4265 861 4332 l'histo'ire
879 4263 913 4320 de
931 4264 993 4318 l'art
1009 4281 1036 4335 p.
1057 4266 1117 4322 135.
