2902 4822
684 447 761 523 205

165 645 290 726 notitia,
338 641 437 728 digua
468 641 508 704 de
549 662 611 725 qua
644 640 835 724 explicatius
872 639 1007 708 dicatur.
1066 640 1197 724 Loquor
1234 639 1275 704 tle

165 746 255 811 libris
279 747 468 825 Atticiauis‘,
501 765 541 808 ex
568 745 684 829 quibus
708 743 920 826 Harpocratio
943 743 1131 809 binis-locis
1155 744 1275 807 diserte

167 853 328 914 variantes
360 850 516 913 lectiones
533 888 536 894 ·
552 849 655 913 affert.
697 842 908 930 Ναυκραρικά·
941 838 1134 931 Δημοσθένης
1169 844 1199 910 ἐν
1231 849 1275 931 τῷ

126 988 128 991 ·
164 952 240 1019 κατὰ
262 949 471 1038 Τιμοκράτους.
501 951 613 1036 μήποτε
639 948 751 1031 βέλτιον
778 947 898 1033 φέρεται
925 947 973 1013 ἐπὶ
1001 959 1063 1025 τοῖς
1086 943 1275 1022 Ἀττικιανοῖς

163 1050 351 1136 ναυκρατυιά,
383 1049 418 1120 ἵν’
441 1050 461 1140 ᾗ
483 1052 544 1119 ἀπὸ
567 1058 770 1137 Ναυκρατικοῦ
792 1053 907 1132 πλοίου,
937 1050 956 1137 ἢ
980 1047 1194 1137 Ναυκρατιτῶν
1217 1050 1274 1136 ἐμ-

164 1153 313 1222 πλεόντων
347 1168 425 1240 oto,
458 1159 499 1222 de
530 1160 622 1221 cuius
656 1158 718 1220 loci
749 1157 908 1238 scripturo
939 1157 1135 1220 restituenda
1158 1176 1275 1220 consu·

163 1255 251 1320 tenui
283 1258 442 1344 Taylorus
466 1272 498 1324 et
520 1259 671 1323 Reishius
703 1259 745 1341 ati
767 1257 861 1321 Dem·
892 1258 964 1321 adv.
987 1258 1125 1324 Timocr.
1156 1281 1187 1343 p.
1211 1259 1275 1322 703

163 1371 208 1441 et,
233 1362 287 1444 qui
309 1365 492 1446 exscripsit,
516 1363 651 1427 Photius
675 1363 803 1425 Lexico.
848 1360 941 1425 Alter
969 1362 1060 1426 locus
1084 1361 1276 1426 Demosthe·

165 1483 238 1526 nem
261 1466 389 1547 quidem
413 1486 476 1528 non
500 1468 640 1549 respicit,
664 1464 724 1528 sed
748 1465 953 1546 Aeschinem,
984 1466 1070 1529 unde
1091 1465 1155 1527 iam
1178 1463 1274 1527 doee-

165 1586 246 1645 mur,
270 1568 464 1651 exemplaria
480 1569 559 1634 haec
569 1569 729 1632 Atticiana
753 1579 880 1651 praeter
892 1568 978 1633 illius
993 1571 1087 1633 etiam
1102 1567 1274 1630 Aeschinis

164 1670 327 1733 orationes
351 1671 520 1754 complexa
542 1692 627 1736 esse.
660 1670 794 1735 Scilicet
815 1670 963 1736 laudatur
986 1669 1091 1756 ἀργοῖς,
1114 1691 1179 1755 quo
1197 1689 1274 1754 cog·

164 1773 293 1835 nomine
331 1774 582 1839 Demosthenem
616 1775 798 1839 Aeschines
838 1775 892 1838 Or.
927 1777 967 1839 de
1002 1777 1072 1839 sals.
1113 1775 1274 1860 legatione

163 1897 195 1958 p.
219 1877 284 1939 274
307 1874 407 1959 [apud
430 1878 619 1962 Harpocrat.
651 1878 831 1940 nominatur
854 1880 956 1943 oratio
986 1880 1054 1964 περί
1080 1886 1134 1962 τῆς
1155 1874 1276 1942 ἀποδό-

165 1978 260 2063 σεως]
297 1981 461 2063 appellare
497 1983 646 2066 dignatus
680 1983 732 2062 sit,
765 1981 816 2045 his
850 1983 999 2047 adiectis:
1035 1980 1064 2045 ἐν
1097 1977 1193 2064 μέντοι
1213 1989 1275 2053 τοῖς

159 2075 351 2157 Ἀπικιανοῖς
372 2081 533 2168 ἐγέγραπτο
549 2083 656 2168 όίρπαξ.
691 2083 863 2149 Aeschinis
884 2085 924 2149 de
939 2084 1157 2149 Demosthene
1175 2083 1273 2146 verba

164 2197 256 2249 sunt:
287 2185 337 2251 καὶ
366 2184 597 2262 δεκαταλάντους
627 2189 712 2262 δίκας
735 2184 854 2274 ἑκάστῳ
877 2196 934 2252 τῶν
968 2185 1133 2270 ἐπιτρόπων
1154 2180 1275 2268 λαγχά-

164 2311 233 2368 νων,
252 2284 366 2375 Ἀργὰς
395 2288 521 2375 ἐκλήθη,
546 2313 610 2376 quo
642 2292 854 2374 Harpocratio
884 2293 1032 2373 respicit:
1063 2286 1202 2371 λέγεσθαι
1224 2285 1274 2353 οὖν

164 2389 245 2466 εἰκὸς
274 2393 324 2457 τὸν
346 2392 546 2479 Δημοσθένην,
581 2395 740 2480 ἐπιτροπῆς
761 2403 822 2469 τοῖς
852 2391 1020 2478 ἐπιτρόποις
1049 2393 1133 2466 δίκας
1154 2389 1274 2475 λαγχά-

166 2518 250 2560 νοντα
272 2496 348 2580 ὄφιν,
372 2495 475 2563 διὰτὸ
498 2502 654 2584 θηριῶδες.
688 2498 753 2561 Sol
775 2498 815 2560 ad
829 2496 1057 2565 Demosthenis
1078 2495 1274 2578 exemplaria

168 2600 351 2664 reducimur
374 2601 443 2665 aliis
467 2603 551 2665 binis
578 2603 841 2686 Harpocrationis
871 2602 963 2683 lociS,
998 2601 1114 2684 quihus
1137 2600 1275 2684 genuina

167 2705 325 2785 scriptura
361 2704 475 2768 leuiter
503 2704 673 2771 obscurata
697 2719 762 2789 est,
795 2725 931 2790 quorum
954 2704 1061 2787 prior:
1096 2697 1277 2784 ,,Ἀνελοῦσα

106 2828 108 2833 ·
166 2804 223 2890 γὰρ
246 2805 295 2871 τὸν
310 2804 419 2891 νόμον,
453 2816 552 2873 τοῦτον
576 2807 794 2895 ἐχειροτόνησεν
825 2807 929 2894 αῦτῄίί,
959 2802 1150 2889 Δημοσθένης
1182 2804 1211 2869 ἐν
1233 2809 1276 2890 τῷ

166 2904 233 2975 κατ’
248 2905 465 2997 Ἀνδροτίωνός
484 2913 580 2996 φησιν,
604 2910 732 2995 ἀσαφῶς
755 2905 783 2976 δ’
804 2910 892 2977 αὐτοῦ
916 2912 1037 2993 ἐχοντος
1054 2907 1103 2973 καὶ
1122 2907 1276 2989 ἐλλειπῶς,

167 3015 254 3080 ἄλλοι
276 3015 377 3090 ἄλλως
400 3013 574 3099 ἐξηγοῦνται
599 3015 627 3080 ἐν
652 3015 686 3081 δέ
707 3026 768 3092 τοῖς
787 3013 932 3089 Ἀττικοῖς
954 3012 1033 3096 δίπη
1056 3009 1091 3098 ἦν
1113 3012 1223 3095 γραφή.
1255 3011 1276 3095 ἡ

167 3117 219 3202 μὲν
242 3116 353 3194 οότως·
378 3116 523 3184 ἀνελοῦσα
541 3119 597 3205 γὰρ
616 3121 665 3185 τὸν
689 3119 776 3204 νόμον
798 3121 912 3185 τοῦτον
934 3113 1154 3199 ἐχειροτόνησεν
1177 3112 1277 3199 atriu,
1308 3112 1315 3119 ’

167 3213 244 3289 ἀντί
258 3230 325 3303 τοῦ,
356 3226 518 3308 παραβᾶσα
548 3223 604 3309 γὰρ
633 3227 733 3289 τοῦτον
762 3223 812 3287 τὸν
833 3220 933 3306 νόμον,
963 3219 1188 3302 διαχειροτονίαν
1211 3217 1278 3302 περὶ

167 3325 258 3414 αὐτῆς
288 3329 412 3407 ἔδωκεν,
447 3323 472 3391 εἰ
494 3329 553 3412 χρὴ
585 3331 742 3411 στεφανοῦν
772 3325 869 3412 αὐτήν.
903 3350 922 3411 η
955 3323 989 3388 δέ
1011 3322 1105 3405 ἄλλη·
1134 3318 1278 3386 ἀνελοῦσα

166 3429 224 3515 γὰρ
247 3432 296 3497 τὸν
316 3429 537 3516 νόμοντοῦτον,
562 3429 766 3516 ἐχειροτόνησε
787 3431 920 3512 λαβοῦσα
943 3425 1050 3491 ἐκεῖνον
1070 3422 1152 3509 αὐτῇ.
1185 3425 1279 3488 Alter

167 3535 274 3600 locus:
305 3529 552 3619 Ἐκπολερῶσαι,
574 3532 766 3619 Δημοσδένης
789 3536 975 3605 Φιλιππικοῖς
998 3527 1058 3595 ἀντὶ
1079 3535 1131 3592 τοῦ
1154 3524 1194 3601 εἷς
1216 3524 1277 3591 πό-

166 3641 256 3722 λεμον
279 3648 469 3725 καταστῆσαι,
494 3639 538 3714 ὡς
552 3638 609 3705 ,καὶ
630 3636 712 3721 παρὰ
736 3637 904 3720 Θουκυδίδη
932 3629 1092 3705 πολλάκις·
1123 3628 1153 3695 ἐν
1183 3628 1279 3714 μέντοι

164 3749 228 3815 τοῖς
248 3735 393 3818 Ἀττικοῖς
424 3741 472 3807 διὰ
493 3750 546 3807 τοῦ
568 3766 586 3826 η
609 3738 761 3826 γράφεται,
796 3738 840 3813 ῶς
860 3737 911 3803 καὶ
939 3734 1022 3821 παρὰ
1051 3738 1215 3817 Ξενοφῶντι
1236 3731 1278 3798 γἐν

165 3844 239 3932 ἕκτη
267 3840 460 3931 Ἑλληνικῶν.
480 3850 507 3930 ²)
552 3847 624 3930 Quo
660 3857 798 3929 utroque
828 3844 901 3907 loco
931 3861 1025 3906 nemo
1055 3841 1118 3903 iam
1149 3838 1279 3924 negabit

174 4177 176 4180 y
221 4103 251 4172 2)
270 4101 409 4158 Habemus
442 4103 489 4158 hic
513 4103 666 4174 exemplum
694 4102 761 4154 sutis
788 4101 927 4168 antiquum
956 4098 1090 4151 variantis
1117 4097 1280 4167 scripturae,

274 4192 353 4244 cuius
372 4207 458 4260 quum
488 4199 584 4244 neutra
609 4185 798 4259 improbabilis
822 4187 872 4250 sit,
896 4184 958 4238 sons
981 4186 1008 4237 iu
1028 4183 1147 4237 dirersis
1174 4181 1280 4234 duabus

168 4338 170 4341 ,
274 4276 469 4333 Demosthenis
503 4273 710 4341 recentioribus
727 4271 900 4343 quaerendus
919 4279 968 4326 est
1011 4269 1112 4326 Harum
1133 4267 1279 4323 lectionum
