2902 4822
648 429 729 506 119

135 627 384 711 Aristophanem
406 626 603 710 a'magistro
626 622 867 688 schenodoto
890 624 1021 688 mirifice
1042 625 1246 709 pendentem,

136 732 230 796 huius
262 733 303 795 de
335 742 468 795 auctore
498 729 606 792 lliadis
637 739 670 792 et
703 727 872 812 Odysseae
901 727 1064 810 placitum,
1096 728 1184 811 quod
1212 729 1248 792 in

136 835 317 898 exercenda
340 836 417 898 crisi
438 833 610 898 Homerica
632 834 816 917 gravissimi
840 833 978 896 debehat
993 853 1068 897 esse
1081 834 1247 916 momenti,

137 939 333 1021 deseruisse,
356 959 454 1022 quum
477 949 604 1003 constet
625 939 836 1022 Aristophani
858 948 1030 1020 utrumque
1053 957 1184 1001 carmen
1206 938 1248 1001 ah

137 1041 251 1104 eodem
274 1052 407 1106 auctore
429 1042 612 1105 confectum
634 1044 740 1106 visum
761 1062 853 1104 esse:
878 1041 965 1123 quod
987 1039 1041 1104 vel
1062 1040 1137 1103 inde
1149 1050 1248 1124 patet,

137 1143 224 1226 quod
246 1145 278 1206 in
301 1144 480 1208 indicandis
503 1144 610 1208 ltiadis
642 1157 675 1207 et
697 1144 867 1230 Odysseae
896 1145 979 1209 locis
1002 1143 1138 1229 singulis
1160 1152 1258 1207 utro·-

137 1265 199 1327 que
221 1248 361 1310 carmine
384 1248 506 1329 passim
528 1248 599 1310 sine
622 1246 805 1311 discrimine
827 1250 935 1314 utitur.

221 1350 257 1424 4)
279 1348 356 1433 πρὸς
376 1347 430 1423 τὰς
457 1358 517 1414 τῶν
540 1353 674 1414 παλαιῶν
696 1348 836 1434 ἱστορίας,
869 1351 985 1434 quibus
1016 1369 1082 1412 non
1109 1360 1173 1412 tam
1203 1348 1250 1412 ta·

137 1452 234 1522 δοδοο,
243 1457 374 1538 proprie
386 1456 490 1519 dictae
503 1475 586 1539 quae
607 1454 715 1518 adres
730 1455 854 1518 divinas
876 1455 1098 1536 humanasque
1119 1462 1249 1535 specta·

136 1568 217 1640 rent,
242 1578 336 1645 quam
359 1562 466 1623 omnia
490 1581 572 1643 quae
594 1561 801 1642 antiquitates
823 1557 1015 1622 Homerioas
1043 1557 1249 1642 attingerent,

137 1663 369 1743 comprehensa
394 1684 468 1728 esse
492 1665 650 1728 videntur.
696 1661 796 1726 Cuius
819 1682 899 1726 usus
930 1660 1076 1744 exempla
1100 1682 1160 1743 per
1181 1670 1251 1725 tota

137 1765 266 1831 Scholia
290 1778 410 1850 patent,
434 1771 477 1832 ita
500 1780 535 1833 ut
548 1770 704 1833 Lehrsius
726 1788 825 1851 quum
848 1766 975 1852 singula
996 1785 1143 1850 quaeque
1155 1771 1250 1849 argu·

62 1853 65 1859 ⁵
137 1878 242 1931 menta
265 1869 306 1931 ab
329 1870 518 1935 Aristarcho
542 1874 712 1956 explanata
735 1883 767 1936 et
786 1881 895 1935 notata
910 1871 1048 1935 seorsim
1064 1869 1252 1932 tractaverit

137 1973 224 2039 Dies.
247 1975 299 2041 111.
323 1999 353 2059 p.
378 1978 449 2040 166.
473 1999 541 2061 sq.,
576 1980 608 2041 in
630 1981 743 2063 paucis
766 1978 937 2041 afferendis
962 1976 1141 2039 consistere
1164 1974 1250 2038 licet·

137 2077 224 2142 lliad.
248 2084 281 2164 ψ,
304 2082 384 2144 638:
408 2082 610 2165 Σεσημείωται
635 2081 652 2146 ὁ
675 2081 767 2157 τόπος
788 2082 866 2167 πρὸς
886 2080 923 2146 τὰ
946 2079 1014 2164 περὶ
1037 2087 1095 2144 τῶν
1109 2080 1249 2142 Μολιονι-

139 2183 198 2247 δῶν
222 2184 398 2268 ζητούμενα·
421 2189 548 2268 ζητεῖται
569 2185 636 2271 γὰρ,
660 2187 687 2251 τί
709 2185 824 2251 ἔστιτὸ
848 2185 978 2269 ,πλήθει
999 2181 1117 2267 πρόσθε
1136 2177 1248 2261 βαλόν-

137 2287 216 2367 τες“,
245 2283 295 2351 καὶ
323 2285 421 2353 ὁποῖοί
446 2313 519 2364 τινες
546 2287 620 2374 ἦσαν
650 2290 701 2374 τὴν
731 2289 816 2372 ρίνοιν
849 2287 892 2362 ὡς
913 2285 1053 2368 λέγεσθαι
1082 2277 1126 2348 ἐπ’
1151 2280 1248 2347 αὐτῶν
1326 2295 1329 2298 “

138 2391 187 2473 „ei
214 2385 239 2456 δ’
270 2387 316 2477 ἄρ’
339 2393 409 2458 ’έοαν
440 2395 588 2479 δίδυμοι“,
617 2395 660 2470 τίς
687 2419 720 2458 τε
746 2403 800 2479 τῆς
827 2392 1051 2477 ἁρματηλασίας
1081 2387 1097 2454 ὁ
1128 2386 1250 2473 τρόπος,

137 2495 187 2563 καὶ
207 2498 235 2563 τί
255 2496 290 2561 τὸ
319 2506 372 2583 τῆς
399 2498 482 2582 νίκης
504 2499 601 2564 αἴτιον.
645 2498 834 2583 Ἀντίδωρος
855 2502 880 2578 ’)
913 2496 964 2581 μὲν
993 2493 1045 2561 οὖν
1076 2493 1248 2577 ὁΚομαῖος

136 2599 187 2684 τὴν
208 2598 259 2684 μὲν
282 2599 371 2683 φύσιν,
388 2598 495 2683 αὐτῶν,
519 2599 570 2668 οἷά
592 2602 635 2678 τίς
661 2600 733 2669 ποτέ
756 2600 842 2686 ἐστιν,
872 2598 907 2666 οὐ
934 2593 1145 2684 προοποίεῖται,
1168 2592 1249 2670 τινὰς

189 2788 218 2858 7)
237 2787 326 2842 Nauci
352 2791 459 2844 videtur
481 2785 637 2868 Ἀντίδωρος,
659 2809 730 2864 quae
756 2793 874 2846 nominis
899 2791 968 2844 ratio
987 2789 1061 2841 omni
1085 2792 1162 2840 caret
1180 2799 1248 2843 aue·

241 2876 323 2944 logia,
341 2876 559 2948 quandoquidem
578 2878 680 2931 nullum
698 2879 816 2932 nominis
835 2879 936 2930 Graeci
954 2875 988 2928 ah
1001 2869 1073 2927 ’Areo
1092 2873 1250 2955 incipientip
1321 2940 1326 2958 Ι

240 2965 392 3035 exemplum
413 2972 518 3018 exstat:
538 2967 618 3018 immo
638 2963 779 3018 dicebatur
790 2960 943 3039 Ἀντίδωρος,
961 2961 1033 3032 quod
1048 2963 1135 3030 ipsum
1149 2975 1250 3012 nomen

240 3050 307 3103 licet
332 3049 402 3104 salso
427 3051 515 3104 eidem
540 3053 716 3122 grammatico
745 3049 870 3103 tribuitur
884 3051 915 3102 in
934 3047 1030 3100 codice
1053 3045 1172 3118 quodam
1191 3043 1249 3098 Ve—
1320 3038 1322 3043 ’

241 3143 313 3201 noto,
340 3153 420 3206 quem
445 3140 568 3193 excussit
596 3136 765 3190 Viltoisonus
792 3135 898 3190 Anecd.
921 3133 954 3190 Τ.
979 3135 1011 3187 ΙΙ.
1036 3149 1062 3203 ρ.
1083 3133 1141 3196 173,
1165 3129 1249 3185 οἰωνοί

241 3231 318 3277 recte
342 3224 507 3287 ostendens,
539 3225 640 3295 ubique
665 3222 807 3300 Αὐτόδωρος
833 3222 979 3293 legendum
1005 3235 1077 3275 esse.
1113 3215 1250 3270 Eandem·

241 3327 295 3380 que
331 3312 448 3364 nominis
479 3310 592 3362 formam
621 3311 736 3381 praebet
766 3326 860 3380 margo
885 3309 1011 3373 Codicis,
1043 3323 1077 3359 ex
1102 3321 1157 3376 quo
1182 3304 1250 3358 Cra·

242 3414 335 3450 merus
353 3396 458 3450 Anecd.
479 3395 530 3450 Or.
549 3395 577 3448 T.
600 3396 644 3452 lV.
661 3415 686 3467 p.
704 3401 755 3450 320
773 3397 842 3450 haec
860 3396 997 3464 vulgavit,
1021 3391 1120 3464 quihus
1138 3383 1249 3473 egregie

241 3486 321 3538 simul
342 3483 375 3538 dc
394 3482 511 3538 hominis
536 3483 633 3538 studiis
653 3483 813 3536 edocemur:
844 3481 909 3534 Φασὶ
928 3480 954 3532 δὲ
970 3475 1120 3552 Ἀντίδωρον
1148 3476 1203 3546 [sio
1221 3475 1250 3527 in

240 3571 378 3641 contextu]
407 3569 447 3623 τὸν
464 3571 572 3642 Κυμαῖον
595 3581 691 3645 πρῶτον
720 3567 904 3643 ἐπιγεγραρίναι
929 3560 1251 3635 αὑτδν[1.αὑτὸν]γραρ-

242 3659 348 3726 ρατικίν,
372 3657 515 3731 σύγγραμμά
541 3675 563 3709 τι
585 3656 712 3732 γράψαντα
739 3656 795 3731 περὶ
808 3653 919 3728 (Ορήρον
935 3652 976 3705 καὶ
990 3647 1108 3705 Ἡσιόδου.
1143 3645 1175 3700 Si
1194 3646 1250 3700 iam

245 3747 273 3797 in
293 3746 376 3798 iliade
406 3753 486 3815 atque
505 3746 533 3798 in
558 3745 649 3815 aliquo
668 3744 789 3796 carmine
808 3739 951 3803 Hesiodio,
978 3741 1057 3792 cuius
1075 3736 1155 3789 locus
1173 3740 1254 3805 aetaff

243 3840 307 3896 tem,
326 3839 355 3884 ut
373 3839 447 3900 puto,
464 3847 518 3883 non
536 3832 606 3896 tulit,
626 3848 661 3883 ex
680 3829 854 3884 Sclroliorum
872 3826 935 3879 loco
953 3841 1039 3896 supra
1056 3822 1167 3878 laudato
1181 3836 1250 3874 con*-

242 3927 294 3973 stat
321 3918 530 3971 hloliouidarum
555 3919 654 3970 factam
673 3933 737 3970 esse
756 3915 929 3978 mentionem,
957 3911 1028 3965 haud
1045 3911 1117 3964 male
1143 3925 1187 3962 me
1206 3909 1250 3962 iu·

244 4004 305 4059 dice
324 4012 437 4069 statues,
466 4022 535 4075 quac
555 4006 588 4058 de
614 4003 706 4055 habitu
725 3998 988 4054 Molionidarumde
1006 3998 1142 4052 sententia
1159 3996 1250 4050 Auto-

243 4091 302 4143 dori
320 4091 441 4144 Scholiis
459 4093 563 4144 inserta
581 4097 653 4154 sunt,
674 4105 707 4142 ex
726 4089 778 4142 hoo
802 4088 873 4157 ipso,
899 4083 972 4156 quod
999 4085 1034 4138 de
1052 4082 1172 4138 Homero
1191 4081 1249 4158 He-

244 4176 376 4247 siodoque
396 4178 568 4248 conscripsit,
587 4191 672 4245 opere
690 4182 797 4245 sumpto
815 4189 888 4228 esse.

110 4271 112 4275 ’
192 4281 221 4350 8)
239 4279 282 4336 De
300 4279 453 4335 Aristarchi
471 4282 606 4335 sententia
625 4278 779 4334 rectissima
795 4259 827 4331 νζ
842 4274 928 4331 Lehrs
945 4291 972 4347 p.
993 4277 1052 4333 179.
