2902 4822
733 420 814 499 226

219 623 299 701 quot
331 613 447 679 eodem
475 622 561 677 teste
592 632 624 697 p.
648 613 713 678 tot
743 612 1003 700 numerabantur,
1036 616 1155 702 cuique
1183 608 1256 702 peri
1287 616 1333 683 ad

217 718 491 802 interpretandum
517 716 716 783 traderetur:
744 738 811 804 quo
839 718 959 783 iactum
980 728 1017 783 ut
1044 738 1138 785 secra
1164 710 1330 806 scriptura

216 823 325 887 sexies
358 841 398 887 ao
433 822 584 907 trigesies
622 819 749 887 Graece
776 822 902 887 reddita
933 823 986 888 sit.
1037 823 1074 887 Ιιι
1107 824 1158 889 bis
1185 810 1334 913 ibmffi
1400 811 1404 819 ⁸

216 923 464 1015 exemplaribus
484 925 513 989 si
540 944 724 1008 sumamus,
758 925 846 1010 quod
868 946 997 991 sumere
1024 927 1075 993 ias
1097 937 1159 1011 est,
1180 936 1331 1013 repedas

215 1050 292 1097 esse
313 1028 471 1114 quasdam
492 1027 738 1112 discrepantias,
772 1030 801 1092 ni
822 1046 888 1093 uon
914 1050 1044 1115 seusus,
1077 1046 1273 1118 quamquem
1295 1042 1329 1097 et

214 1134 278 1200 lroc
297 1134 421 1200 admitti
442 1142 563 1218 potest,
585 1142 693 1198 tamen
716 1133 875 1216 dictionis,
899 1134 958 1199 bes
978 1137 1131 1220 suspicor
1153 1132 1334 1222 ira-ipsum,

215 1239 304 1326 quod
314 1234 410 1304 Lxx.
420 1239 529 1302 iuncta
544 1256 644 1321 opera
658 1237 864 1321 conticerent,
885 1234 1328 1325 sacrae'mrtptura'eaorpoe

212 1346 314 1428 iuxta,
323 1343 396 1409 sive
409 1343 442 1406 iu
454 1360 512 1407 ora
525 1341 649 1407 codicis
664 1342 735 1407 sive
746 1341 809 1406 sub
820 1344 982 1428 quemque
999 1343 1107 1409 locum
1117 1345 1151 1409 itr
1161 1344 1237 1428 ipso
1248 1334 1333 1409 eon·-

211 1458 316 1532 tcxtu,
330 1456 503 1531 susceptas
514 1464 601 1528 esse,
614 1456 711 1531 atque
721 1464 760 1510 ea
773 1445 857 1532 lege,
876 1457 913 1511 ut
925 1465 990 1511 uon
1001 1446 1113 1532 plures
1131 1436 1196 1513 una
1210 1447 1332 1513 utrem

213 1573 278 1639 quc
300 1551 458 1618 lectiones
485 1551 648 1615 variantes
667 1561 867 1620 notarentur.
902 1549 993 1618 Haeo
1014 1552 1144 1637 quidem
1165 1552 1333 1617 semente

212 1676 286 1723 mea
304 1657 429 1741 partim
458 1655 647 1719 coniectura
671 1654 802 1740 quidem
832 1654 960 1740 nititur,
988 1656 1048 1721 sed
1074 1657 1204 1723 minime
1229 1666 1333 1739 veta,

215 1760 303 1846 quod
321 1763 392 1844 ipsa
409 1758 696 1842 discrepantiarum
714 1756 873 1842 exempla,
892 1778 976 1844 quae
996 1770 1182 1846 supersunt,
1196 1758 1325 1825 maun

213 1864 400 1948 ostendunt,
422 1864 456 1927 in
478 1863 561 1946 ipso·
575 1850 690 1928 codice
710 1862 837 1929 aLXX
858 1864 1052 1929 concinnato
1073 1854 1325 1948 discrepantium

212 1969 457 2054 scripturarum,
480 1984 564 2052 quae
585 1986 651 2031 non
667 1978 807 2052 possunt
826 1984 893 2032 nou
910 1986 952 2031 ex
967 1967 1106 2034 diversis
1121 1966 1324 2055 singulorum

212 2074 336 2158 perium
354 2069 512 2157 exemplis
534 2071 682 2156 profecta
699 2090 786 2155 esse,
808 2071 1048 2136 onerationem
1059 2070 1324 2137 babitamieitsc.
1345 2092 1350 2109 ¹

212 2177 279 2243 Cur
298 2196 380 2242 uero
401 2194 466 2245 uua
487 2172 664 2260 alteraque,
693 2192 759 2238 noe
782 2174 892 2258 piures
912 2175 956 2239 36
982 2176 1109 2259 parium
1137 2174 1325 2259 ‹bscrepau-

210 2283 282 2346 tiae·
307 2276 483 2346 notatae?¹
512 2276 554 2343 Ut
587 2278 706 2351 inerint
737 2296 873 2343 numero
905 2297 1048 2362 paucae,
1082 2289 1191 2344 tamen
1223 2272 1324 2365 prum

199 2387 307 2451 santus
328 2384 539 2469 eiusdemque
560 2380 741 2447 loci-facile
762 2381 873 2466 piures
899 2384 1078 2467 scripturae
1100 2384 1177 2448 terri
1198 2384 1329 2468 potuis-⁹

210 2500 307 2574 sent,
335 2489 378 2555 ad
407 2487 538 2552 modum
566 2484 761 2552 servendum
791 2504 930 2552 neccsse
962 2496 1013 2552 est
1035 2496 1216 2553 statuemus
1238 2488 1335 2551 inter-

210 2590 303 2657 Lxx
314 2600 509 2657 warantum
527 2589 569 2653 de
583 2607 720 2654 numero
737 2589 850 2674 fuisse,
872 2610 969 2676 quem
987 2592 1020 2655 in
1037 2590 1207 2657 laudandis
1221 2592 1337 2675 nerip···

210 2707 304 2762 turae
325 2694 560 2779 dmmepandie
583 2712 682 2778 quum
704 2692 746 2758 ad
767 2692 963 2779 vulgandum
983 2696 1090 2780 ipsum
1111 2714 1232 2781 corpus
1247 2712 1327 2761 ven·

211 2809 279 2863 tum
302 2809 402 2883 essct,
425 2807 581 2863 tenerent
604 2794 764 2881 ltaque'si
789 2799 914 2881 parium
930 2798 1158 2869 nonnullorum
1176 2796 1327 2885 exemplu

211 2922 245 2966 a·
264 2898 382 2969 ceteris
415 2900 638 2982 discederent,
672 2901 873 2967 satisfactum
906 2904 954 2967 rei
985 2904 1092 2970 visum
1123 2904 1195 2988 mtt,
1217 2904 1326 2973 ιιιιιίιι

212 3003 412 3093 alteriusque
431 3007 519 3091 paris
542 3004 764 3090 differentiam,
788 3008 817 3071 si
846 3009 926 3071 tanti
950 3007 1129 3093 videbatur,
1157 3007 1325 3073 adnotare.

211 3110 265 3175 Ad
286 3111 453 3177 bacciam
475 3109 646 3174 bibliorum
667 3108 885 3175 conditionem
908 3131 1040 3198 quoque
1060 3111 1136 3179 loco
1151 3110 1327 3196 designau-

212 3214 287 3278 dam
317 3216 469 3300 suspieor
497 3213 673 3300 Origeneur
699 3212 865 3280 lemniscis
894 3235 990 3281 usum
1011 3234 1098 3300 esse,
1132 3234 1171 3281 ea
1193 3213 1338 3300 quidem·

212 3317 297 3404 lege,
319 3329 357 3384 ut
377 3319 433 3383 ubi
455 3316 595 3382 duorum
623 3317 749 3400 parium
771 3317 987 3403 discrepantia
1008 3320 1217 3403 reperiretur,
1243 3317 1326 3383 iern-

211 3423 355 3505 nisoum,
388 3414 446 3486 ubi
466 3422 580 3506 unius,
610 3419 889 3506 hypolemuisc'um
910 3431 1097 3507 apponeret
1139 3420 1231 3503 Haec
1250 3422 1338 3507 ipsu¹

211 3528 260 3590 rei
280 3526 454 3611 explicatio
476 3546 575 3611 quum
597 3545 657 3609 per
679 3545 717 3591 se
738 3526 915 3610 probabitis
937 3526 1073 3609 videtur,
1099 3536 1167 3591 tum
1187 3544 1231 3590 cx
1250 3526 1326 3609 ipsa

210 3631 347 3715 ratione,
370 3651 465 3715 quam
481 3627 680 3714 Epiphanius
700 3626 841 3716 tradidit,
864 3640 982 3715 sponte
1002 3629 1325 3715 colligiturinsuper'·

212 3754 276 3819 que
304 3735 515 3801 confirmatur
545 3734 729 3809 testimonio
750 3728 924 3821 Hesycbii',
950 3732 1044 3820 fquod
1072 3730 1324 3799 Monesdmni·

210 3858 244 3921 p.
263 3838 308 3903 82
330 3849 503 3923 acceptum·
521 3839 645 3922 refero,
667 3837 709 3902 ad
736 3837 855 3903 Psalm.
877 3838 948 3922 xit,
977 3840 1017 3903 6:
1050 3844 1152 3904 cotton
1180 3834 1337 3903 atomi-'³

210 3962 266 4025 χον
300 3941 355 4008 δύο
388 3940 481 4027 ζυγὸς
513 3951 573 4011 τῶν
604 3937 647 4025 οβ’
657 3942 661 3947 ’
678 3943 863 4027 imponet
890 3937 995 4021 ἷιῖιιον·
1039 3938 1113 4007 διότι
1133 3936 1325 4028 stuperem

211 4053 331 4131 uppem
364 4045 399 4112 rt
432 4044 482 4113 dud
514 4053 568 4113 tori
599 4043 738 4133 μέλανος,
771 4042 789 4110 ὃ
824 4042 939 4131 λέγεται
976 4046 1155 4132 ippum,
1187 4041 1325 4129 trtpti

209 4157 265 4239 τῆς
292 4151 416 4238 mpetu<
446 4160 501 4239 τῆς
529 4148 624 4237 μέσης
652 4151 786 4238 σημαίνοι
815 4149 868 4218 τὸν
899 4140 1009 4236 ertpm,
1041 4147 1093 4217 tu
1120 4147 1155 4215 tt
1180 4156 1246 4215 aet
1266 4146 1336 4213 ttr-

212 4261 434 4343 mmov,-m;
454 4252 694 4324 tabum-iat
719 4262 774 4342 τις
801 4250 955 4323 tutto
985 4250 1040 4331 rt<
1066 4248 1336 4337 morum·
