2902 4822
751 435 830 515 242

234 629 412 698 dicebatur.
463 627 505 697 V.
534 627 672 696 Weberi
699 627 805 696 Praei.
838 629 881 695 ad
912 627 1042 697 Scbolia
1072 628 1195 698 Lucani
1222 655 1255 718 p.
1287 635 1347 699 ΙΙΙ.

234 737 321 820 Quid
347 734 470 822 igiturt·
496 735 554 801 llla
586 745 756 822 poetarum
784 738 918 819 notatio,
953 737 1081 822 qualem
1101 737 1262 803 Aneedoti
1283 736 1347 803 Pa·

231 845 287 909 ris.
310 852 426 908 auctor
454 841 582 923 asserit,
614 860 632 904 a
654 837 813 906 Suetonio
835 862 901 907 non
923 840 1031 907 solum
1056 862 1123 908 non
1144 842 1344 925 mediaest,

229 948 291 1014 sed
323 950 397 1032 ipsu
428 946 751 1033 agrammaticorum
778 947 917 1012 istorum
949 967 1083 1013 munere
1115 949 1211 1013 etiam
1239 946 1344 1013 alienu

226 1053 331 1119 fnisse
352 1052 492 1136 videtur,
515 1051 665 1137 quoniam
688 1052 781 1115 euius
803 1052 938 1125 rationis
961 1073 1078 1118 munus
1099 1072 1213 1117 eornm
1233 1052 1342 1135 fuerit,

185 1165 203 1204 ³
228 1158 350 1224 diserte
379 1158 565 1243 expositum
597 1164 664 1239 est,
698 1165 731 1220 et
762 1157 791 1219 si
823 1176 896 1221 eum
925 1177 967 1222 eo
995 1157 1082 1223 alind
1104 1156 1343 1222 commentandi

226 1284 332 1354 geum
349 1264 557 1329 coniunctum
575 1260 701 1342 luisset,
723 1259 758 1323 id
773 1262 852 1324 tanti
873 1260 1030 1327 Suetonio
1047 1263 1152 1328 videri
1162 1262 1340 1345 debuisset,

224 1379 272 1454 ut,
307 1389 405 1454 quum
438 1364 541 1432 semel
569 1365 603 1428 in
632 1364 769 1429 istorum
791 1369 1072 1450 grammiticorum
1101 1367 1210 1434 studia
1230 1385 1339 1431 sermo

224 1475 404 1556 incidisset,
427 1471 498 1536 eius
529 1470 724 1534 mentionem
750 1471 882 1536 faceret.
926 1473 1023 1539 Adde
1045 1472 1133 1559 quod
1162 1474 1192 1537 si
1213 1472 1338 1536 brelie-

223 1581 297 1647 laus
319 1588 351 1644 et
373 1577 583 1643 Philocomus
605 1572 739 1659 Bergkii
769 1576 810 1639 de
832 1580 991 1642 sententia
1022 1600 1053 1662 p.
1078 1579 1141 1644 115
1162 1577 1204 1641 ad
1226 1575 1338 1643 Grate-

222 1687 265 1751 tis
298 1684 640 1769 Pergamenorumque
676 1681 880 1764 potissimum
914 1681 1116 1766 disciplinam
1142 1682 1250 1748 studia
1276 1701 1337 1749 sua

222 1795 496 1874 composuerunt,
530 1783 618 1869 quod
647 1782 768 1849 sactum
797 1805 873 1850 esse
902 1806 968 1851 non
989 1788 1134 1873 negabo,
1171 1807 1236 1851 non
1265 1787 1336 1851 veri

220 1893 325 1961 simile
344 1891 483 1975 videtur,
500 1888 708 1955 Aristarchiis
727 1890 828 1975 signis
847 1909 906 1956 eos
918 1910 998 1957 usos
1015 1912 1102 1975 esse,
1122 1911 1207 1978 quae
1219 1891 1335 1958 Grates

220 2009 310 2066 certe
325 2017 365 2063 eo
386 1997 491 2061 minus
511 1997 544 2059 in
558 1994 634 2060 crisi
649 1980 791 2058 Homeri
800 1995 973 2060 factitando
988 1997 1159 2063 admisisse
1170 1996 1335 2081 putandus

220 2116 282 2189 ast,
315 2121 381 2189 quo
413 2101 517 2166 maior
550 2118 623 2162 cum
645 2099 729 2163 inter
751 2108 783 2164 et
810 2102 947 2166 istorum
968 2102 1135 2188 signorum
1166 2112 1334 2168 auctorem

217 2208 366 2276 simultas
394 2214 507 2271 mutua
536 2213 569 2268 et
601 2203 763 2268 dissensio
796 2207 927 2272 exstitit.
970 2205 1087 2292 Neque
1115 2204 1222 2272 adbuc
1241 2210 1334 2273 testi·

215 2314 359 2379 monium
387 2310 489 2376 ullum
512 2309 649 2395 produci
679 2310 794 2394 potuit,
829 2329 894 2394 qno
926 2307 1088 2375 Cratetem
1115 2312 1170 2377 illa
1199 2313 1334 2377 notandi

213 2421 339 2486 ratione
371 2437 468 2483 usum
498 2436 574 2481 esse
603 2415 897 2479 demonstraretur=
936 2416 1024 2499 quod
1057 2435 1097 2481 eo
1125 2418 1231 2481 minus
1260 2417 1332 2482 fieri

214 2526 345 2611 poterit,
380 2542 445 2608 quo
467 2522 590 2587 certius
612 2517 775 2584 Cratetem
798 2527 927 2588 constat
948 2519 1132 2604 exemplum
1145 2522 1331 2587 carminum

213 2629 461 2695 Homericorum
482 2644 548 2689 non
570 2624 735 2709 vulgasse.
768 2625 844 2691 Non
865 2626 964 2712 igitur
986 2626 1332 2693 audiendnsGraet'en·

212 2735 275 2800 ban
306 2733 327 2798 l.
350 2733 371 2796 l.
404 2752 437 2816 p.
460 2731 542 2812 370,
577 2730 632 2814 qui
664 2731 758 2815 signa
789 2728 988 2796 Graecorum
1022 2733 1132 2799 critica
1164 2732 1331 2798 Romanos

212 2840 388 2925 praecipue
410 2860 429 2902 a
453 2834 582 2900 cratete
605 2835 774 2919 accepisse
795 2845 923 2901 narrat:
945 2836 1035 2922 quod
1057 2846 1123 2922 quo
1144 2838 1330 2904 testimonio

214 2942 421 3011 corroborari
442 2941 548 3026 possit
569 2960 622 3005 me
646 2939 738 3026 fugit.

300 3047 440 3112 Tantum
472 3045 572 3130 igitur
599 3045 693 3109 abest
721 3053 757 3109 nt
783 3042 918 3132 Bergkii
946 3044 1000 3111 illa
1030 3045 1193 3112 Anecdoti
1222 3064 1330 3111 emen·

211 3152 311 3218 dandi
333 3153 416 3216 ratio
438 3151 569 3233 reipsa
592 3150 845 3219 commendetur.
867 3160 903 3216 ut
925 3153 959 3214 in
990 3151 1188 3216 offensiones
1221 3153 1330 3217 incur·

211 3265 273 3339 rat,
295 3254 382 3319 baud
405 3253 499 3319 facile
522 3253 691 3338 tollendas,
715 3255 759 3318 ita
781 3265 833 3338 ut,
856 3257 886 3320 si
908 3266 1016 3321 tamen
1037 3256 1330 3340 circumspicienda

213 3371 290 3427 sunt
319 3360 602 3448 grammaticorum
632 3359 772 3444 nomina,
807 3360 925 3445 quibus
957 3360 1037 3425 illud
1058 3361 1190 3425 notandi
1212 3381 1329 3427 munus

212 3467 402 3548 tribuamus,
425 3464 459 3527 in
481 3483 521 3529 eo
543 3484 610 3529 non
631 3463 842 3530 laborandum
865 3467 918 3548 sit,
942 3465 1031 3550 qnod
1052 3465 1106 3529 isti
1117 3465 1242 3529 muneri
1253 3463 1329 3530 illos

212 3588 350 3636 vacasse
383 3568 569 3634 confirmari
598 3569 697 3634 certis
721 3570 913 3634 testimoniis
946 3579 1097 3654 nequeat.
1140 3565 1209 3634 Suo
1230 3569 1329 3655 igitur

212 3694 288 3741 sese
298 3673 445 3759 pondere
459 3672 703 3738 existimationis
720 3672 896 3739 tuebuntur
907 3670 1023 3756 Varro,
1044 3673 1179 3758 Ennius,
1202 3672 1328 3756 Aelius,

212 3778 342 3863 Aquila,
374 3796 511 3864 quorum
540 3778 668 3841 nomina
699 3797 741 3841 ex
770 3778 929 3862 scriptura
958 3779 1080 3845 codicis
1102 3789 1263 3862 tamquam
1286 3796 1329 3840 ex

208 3882 366 3966 sepulcro
388 3885 421 3946 in
444 3882 543 3946 vitam
564 3881 711 3946 redeunt.
746 3880 814 3946 Sed
830 3891 961 3965 praeter
974 3882 1205 3965 nominanibil‚
1229 3901 1328 3966 quum

211 3987 265 4060 eni
288 3987 449 4073 quibusve
471 3986 686 4071 scriptoribus
708 3987 857 4052 notandis
880 3987 1019 4073 quisque
1040 3988 1164 4053 vacarit
1183 3987 1219 4051 in
1240 4004 1328 4052 corn-

212 4101 306 4174 perto
328 4111 394 4156 non
416 4091 603 4174 babeamus
626 4110 732 4176 neque
754 4092 928 4156 notationis
949 4093 982 4155 in
1003 4093 1076 4175 ipso
1090 4091 1327 4176 aliquocunque

207 4214 326 4261 eorum
348 4196 544 4279 scriptorum
563 4196 738 4282 vestigium
759 4194 860 4260 ullum
881 4204 1046 4260 servatum
1064 4197 1116 4262 sit.
1148 4192 1244 4261 Haud
1261 4212 1329 4257 ma·

212 4298 264 4384 gis
283 4297 324 4362 de
340 4298 504 4366 historicis
522 4301 607 4385 istis,
630 4301 685 4385 qui
706 4301 791 4364 inter
808 4297 883 4365 illos
899 4319 963 4365 una
975 4300 1193 4384 nominantur,
1214 4297 1327 4384 liquet.
