2902 4822
684 457 760 536 187

166 647 298 742 tragicis
313 644 448 736 dicatur,
474 634 611 739 quorum
633 655 661 718 si
680 651 918 718 meminerimus
929 650 1124 737 Sophoclem
1135 620 1230 718 ¹certe
1243 662 1275 716 et

167 757 354 843 Euripidem
367 759 408 822 ab
421 759 637 840 Aristophane
655 755 812 841 Byzantio
832 766 987 829 tractatos
1002 777 1077 822 esse
1094 760 1139 838 (v.
1157 765 1184 831 s.
1202 756 1273 837 29),
1328 798 1334 804 »

166 874 275 945 potest
296 864 478 946 exspectari
501 861 562 926 hos
584 871 699 944 poetas
722 862 817 924 etiam
830 859 1062 943 Aristarchum,
1086 859 1275 943 Aristopha-

166 967 216 1029 nis
237 977 404 1034 strenuum
428 986 525 1050 quum
548 967 581 1028 in
602 962 673 1027 eliis
696 975 763 1026 tum
786 963 882 1026 etiam
903 965 936 1026 iu
950 962 1011 1028 hac
1029 965 1172 1028 muneris
1184 973 1275 1046 parte

166 1068 337 1151 aemulum,
359 1071 518 1155 attigisse.
563 1066 611 1131 De
640 1065 805 1151 Aeschylo
828 1076 934 1130 autern
958 1077 989 1130 et
1011 1065 1165 1151 Euripide
1187 1066 1275 1131 testi-

165 1174 273 1236 monia
307 1164 424 1238 desunt
445 1185 543 1255 certa,
567 1182 602 1237 ut
623 1192 663 1234 an
693 1172 787 1234 etiam
815 1169 890 1233 huic
912 1170 1014 1244 labori
1047 1171 1122 1235 nlim
1153 1171 1276 1234 vacarit

165 1274 387 1353 Aristarchus,
418 1275 450 1337 in
473 1275 579 1339 medio
610 1273 853 1358 relinquendum
876 1275 928 1337 sit.
972 1274 1016 1338 At
1039 1274 1153 1338 melius
1176 1273 1275 1337 cessit

164 1377 199 1441 in
220 1376 394 1461 Sophocle,
419 1378 459 1442 de
483 1399 549 1463 quo
570 1379 707 1444 seorsim
731 1377 909 1452 dicendum.

663 1541 690 1608 S.
724 1533 776 1598 62.

319 1659 369 1717 De
400 1657 618 1721 Aristarchi
651 1658 786 1716 studiis
823 1658 1055 1730 Sophocliis.
1085 1658 1110 1735 ¹)

251 1790 453 1855 Peculiarine
476 1790 558 1855 libro
591 1791 787 1875 Sophoclem
810 1792 1018 1858 Aristarchus
1042 1794 1197 1875 tractarit,
1233 1813 1275 1858 an

164 1894 260 1958 huius
283 1894 450 1977 scriptoris
473 1894 564 1959 locos
592 1896 738 1980 singulos
755 1906 882 1979 arrepta
902 1899 1074 1962 occasione
1093 1892 1273 1979 inscriptis

163 1998 233 2071 suis
255 1996 465 2063 Aristarchus
495 2000 640 2081 tentarit,
674 2001 762 2085 quod
792 1999 868 2064 olim
899 2002 930 2064 in
960 2002 1066 2064 medio
1094 2020 1148 2064 me
1179 2001 1275 2063 relin-

164 2121 265 2184 quere
290 2101 384 2166 malle
406 2103 575 2185 professus
598 2123 669 2166 sum
689 2103 810 2167 Comm.
832 2105 873 2167 de
891 2103 992 2167 Aiace
1015 2124 1044 2186 p.
1063 2103 1135 2184 122,
1158 2103 1189 2165 id
1214 2123 1274 2188 age

164 2223 266 2287 uunc,
291 2216 442 2289 quantum
466 2206 535 2269 fieri
557 2218 684 2290 potest,
707 2209 890 2271 accuratius
912 2209 1142 2271 examinemus.
1186 2205 1275 2270 lllam

164 2311 355 2372 sententiam
377 2309 505 2392 quidem
527 2317 563 2372 ut
585 2309 825 2393 amplectamur,
856 2311 941 2376 haud
965 2333 1015 2376 me
1043 2312 1124 2398 fugit
1146 2311 1275 2374 minime

164 2429 225 2475 uos
248 2412 322 2496 cogi
343 2413 416 2478 loco
439 2413 514 2476 olim
537 2412 633 2477 allato
655 2412 919 2496 Harpocrationis
949 2436 981 2480 v.
1011 2413 1174 2498 δερμιστής,
1208 2432 1274 2497 quo

163 2513 329 2598 leguntur:
370 2504 570 2601 Ἀρίσταρχός
601 2515 635 2580 τὸ
669 2513 848 2598 Σοφόκλειον
878 2516 1087 2605 ἰεηγούμενος,
1124 2516 1174 2581 τὸν
1208 2517 1273 2599 ὄφιν

163 2612 313 2683 hettone
368 2617 435 2684 Sed
469 2621 630 2685 concedes
667 2621 707 2685 de
744 2625 980 2688 commentariis
1016 2624 1047 2685 in
1076 2621 1274 2704 Sophoclem

162 2720 292 2804 seriptis
328 2724 391 2790 ista
425 2726 529 2809 accipi
560 2745 679 2808 posse,
723 2726 751 2790 si
783 2727 826 2789 ita
856 2734 891 2790 ut
932 2738 1108 2790 statuamus
1146 2725 1274 2789 aliunde

120 2893 124 2899 ,
163 2825 399 2898 confirmamur.
432 2830 540 2914 Atque
562 2830 605 2893 ita
628 2843 688 2912 est,
713 2832 745 2892 ui
764 2830 866 2893 fallor.
899 2828 969 2894 lloc
987 2849 1065 2892 vero
1080 2841 1114 2892 ut
1131 2830 1271 2913 patefiat,

163 2947 301 2994 necesse
316 2943 366 2999 est
385 2933 530 3017 sontium,
547 2953 589 2997 ex
609 2934 724 3019 quihus
735 2932 868 2996 Scholia
879 2926 1063 3015 Sophoclis,
1082 2952 1164 3016 quae
1187 2942 1272 2995 aeta·
1360 2918 1365 2921 ¹

163 3041 230 3095 tem
248 3033 400 3120 tulerunt,
425 3037 521 3101 ducta
540 3039 613 3121 sint,
637 3038 859 3122 pervestigare
876 3036 1029 3122 origines.
1065 3034 1115 3099 Ac
1133 3036 1271 3117 primum
1292 3101 1301 3116 s

158 3171 445 3196 m

219 3239 245 3307 l)
265 3239 405 3314 Explicato
422 3245 475 3298 hec
494 3246 564 3310 loco,
584 3245 738 3298 admonitus
755 3261 815 3298 sum
834 3242 868 3296 de
884 3241 998 3296 Gustavi
1012 3239 1119 3294 Wottfit
1139 3240 1209 3296 libro
1228 3244 1272 3296 in·

266 3332 368 3399 scripto
387 3330 429 3385 De
448 3331 596 3403 Sophoclis
615 3331 788 3386 Scholiornm
808 3329 1047 3384 Lsurentiauorum
1065 3330 1151 3384 variis
1168 3329 1269 3382 lectio·

266 3413 355 3472 uibus.
380 3417 490 3490 Lipsiae
512 3420 595 3475 1843:
615 3435 695 3490 quem
714 3434 798 3488 quum
817 3418 904 3486 ipsum
922 3416 1061 3486 inspicere
1080 3432 1134 3469 uon
1152 3416 1271 3481 licuerit,

265 3519 332 3558 usus
355 3513 445 3559 tamen
478 3522 538 3560 sum
565 3506 692 3558 censuris
720 3507 789 3570 eins,
820 3517 887 3575 quas
921 3499 1052 3554 debemus
1080 3501 1271 3556 Graelcnhano

267 3589 401 3646 Zeitschr.
425 3591 442 3647 f.
470 3590 494 3645 d.
517 3592 631 3646 Alterth.
661 3592 733 3642 1843.
756 3589 806 3646 Νο.
837 3590 893 3641 142.
922 3603 963 3656 sq.
991 3595 1018 3640 et
1036 3585 1141 3642 Rittero
1159 3586 1271 3659 Ephem.

265 3677 315 3730 litt
334 3679 442 3737 lenens.
459 3681 534 3734 1811.
553 3677 603 3746 Nc.
619 3678 678 3733 284.
698 3692 738 3746 sq.
758 3693 793 3729 ex
812 3672 911 3746 quihus
929 3670 1037 3728 Wolllii
1056 3673 1090 3727 de
1108 3671 1179 3726 libro
1199 3689 1270 3746 quae

267 3764 369 3818 inserui
394 3774 500 3837 sumpta
525 3774 594 3819 sunt.
631 3763 696 3816 ltem
722 3764 798 3814 carui
823 3759 970 3815 Stoeclreri
997 3763 1042 3830 qui
1069 3759 1156 3812 fertur
1176 3759 1271 3814 libello

266 3849 300 3904 de
324 3851 472 3923 Sophoclis
496 3860 524 3906 et
547 3843 737 3922 Aristophanis
761 3845 958 3921 interpretibus
980 3865 1006 3903 a.
1034 3847 1200 3915 laiseino,
1219 3863 1271 3902 nco

269 3936 426 3994 desideravi
444 3946 622 4013 posteaquam
638 3953 709 4009 quae
724 3936 758 3990 de
773 3952 806 3989 eo
822 3934 954 3988 iudicavit
972 3931 1114 3987 Nuuchius
1130 3933 1270 4005 Aristoph.

268 4025 332 4096 Byz.
360 4044 386 4098 p.
414 4030 457 4089 31,
482 4025 607 4094 cognovi.
658 4023 800 4076 Postremo
824 4019 910 4074 incldi
933 4022 961 4074 in
989 4018 1088 4073 Ritteri
1116 4018 1271 4092 Didymunr,

269 4113 383 4168 eundem
401 4113 491 4166 locum
510 4111 592 4166 simili
612 4123 743 4164 successu
762 4107 904 4161 tractantis
922 4126 948 4179 p.
962 4111 1006 4163 34.
1021 4123 1078 4177 sq.:
1093 4107 1167 4160 nolui
1181 4115 1270 4161 tamen

266 4216 336 4272 quac
362 4200 581 4271 conscripseram
607 4196 785 4267 supprimere,
814 4209 894 4265 quum
919 4193 953 4270 ah
978 4211 1012 4249 co
1030 4193 1207 4247 dissidentem
1228 4208 1269 4248 me

266 4287 311 4345 rol
331 4288 358 4344 iu
377 4285 521 4358 principali
539 4300 570 4339 re
589 4281 842 4336 animadverterem.
1104 4270 1107 4275 ”
