2902 4822
699 446 866 522 631

164 635 258 698 metri
288 631 568 698 commutationem
602 638 825 719 (μεταβολικῶς
854 633 889 699 τὸ
923 631 1005 718 ἆσμα
1034 636 1200 722 γεγράφθαι
1223 643 1274 720 ο))

163 739 331 820 apposita:
354 748 421 800 tum
442 738 575 819 proprie
597 756 616 799 a
640 737 824 808 dramatieis
842 739 890 801 in¹
908 738 1095 805 diversitate
1120 747 1278 806 versuum

163 840 218 902 vel
239 839 384 904 colorum
417 840 500 903 intra
533 840 700 923 stropham
729 842 769 904 ab
800 842 901 906 altera
929 845 1064 927 stropha
1087 856 1281 929 exceptam:

162 954 232 1008 tum
254 965 274 1008 a
296 944 336 1008 ah
359 944 473 1010 iisdem
501 945 533 1006 in
561 943 712 1025 parabasi
732 949 992 1030 antepirrhemati
1022 950 1064 1014 ad
1092 951 1282 1036 signifioane·
1352 956 1353 959 ’

164 1047 238 1111 dam
261 1048 405 1112 eiusdem
427 1048 521 1110 metri
543 1047 766 1129 repetitionem
788 1053 914 1116 adiecta
936 1054 1004 1119 fuit.

163 1145 177 1187 7
251 1154 288 1233 5)
310 1163 347 1222 >
375 1152 396 1236 ἡ
427 1154 515 1237 διπλῆ
548 1152 569 1236 ἡ
601 1153 664 1216 ἔσω
698 1152 863 1239 βλέπουσα,
899 1161 969 1224 sive
1000 1170 1160 1244 νενευκυῖα,
1192 1164 1282 1240 solis,

164 1256 349 1321 dramatiois
370 1258 502 1339 propria
524 1257 661 1340 videtur,
690 1259 731 1322 ad
753 1261 957 1326 indicandum
978 1262 1181 1329 diversorum
1202 1287 1276 1330 ver·

164 1383 258 1427 suum
292 1365 364 1426 sive
395 1362 540 1426 colorum
573 1364 656 1426 intra
690 1365 793 1447 ipsam
815 1367 981 1449 stropham
1010 1370 1051 1432 ah
1074 1371 1277 1453 antistropha

164 1476 333 1548 exoeptam
356 1465 529 1529 discrimen
551 1465 691 1529 adhibita
696 1487 708 1549 3
744 1477 813 1529 tum
834 1468 867 1529 in
889 1469 1038 1550 parabasi
1059 1472 1280 1554 epirrhemati,

164 1572 194 1636 si
216 1569 291 1635 huio
323 1581 357 1635 et
388 1571 470 1635 odae
493 1567 604 1656 (μέλει)
635 1571 855 1654 respondeant
885 1572 1121 1655 antepirrhema
1142 1584 1175 1638 et
1196 1577 1277 1638 anti·
1313 1615 1320 1625 --

164 1676 310 1758 stropha,
333 1675 468 1740 adiecta.
513 1672 686 1758 Utriusque
709 1675 849 1758 denique
879 1674 985 1757 diplae
1021 1696 1102 1742 usus
1124 1679 1158 1741 in
1180 1677 1276 1742 alter·

164 1779 295 1841 natione
320 1777 529 1840 iamhioornm
563 1786 596 1840 et
617 1781 823 1860 stropharum
846 1779 930 1841 inter
951 1799 988 1842 se
1007 1783 1200 1865 mixtorum,
1235 1782 1278 1846 de

164 1901 232 1966 quo
252 1881 449 1964 Hephaestio
472 1903 503 1965 p.
528 1876 606 1945 135':
646 1879 676 1946 ἐν
700 1881 735 1945 δὲ
763 1890 827 1956 ταῖς
857 1879 1014 1966 προτέραις
1043 1893 1194 1967 στροφαῖς,
1229 1882 1279 1949 ἐπὶ

163 1991 217 2050 τοῦ
246 1984 410 2048 τελευταίου
440 1980 539 2048 κώλου
573 1983 626 2049 δύο
655 1985 780 2049 τίθενται
811 1984 929 2048 διπλαῖ·
962 1985 982 2069 ἡ
1011 1984 1063 2068 μὲν
1092 1983 1154 2050 κατ’
1177 1983 1277 2070 ἀρχὰς

164 2089 228 2162 ἔξω
251 2085 417 2169 βλέπουσα·
442 2089 464 2172 ἡ
488 2087 522 2151 δὲ
543 2087 620 2153 κατὰ
641 2088 675 2152 τὸ
706 2086 792 2161 τέλος
820 2089 883 2152 ἔσω
911 2096 1079 2152 νενευκυῖα
1110 2089 1276 2172 δηλούντων

162 2191 250 2274 ἡμῶν
273 2189 321 2255 διὰ
343 2198 395 2274 τῆς
416 2191 480 2255 ἔσω
504 2191 672 2274 βλεπούσης
695 2187 738 2254 ὅτι
760 2187 988 2255 ὰνταποδίδοταί
1009 2213 1073 2256 τινα
1095 2189 1216 2265 αὐτοῖς’,
1247 2189 1277 2253 ἐν

164 2293 201 2358 δὲ
216 2303 282 2390 Ιτοῖς
303 2292 587 2378 ἇνταποδιδομένοις,
610 2292 697 2359 πάλιν
720 2291 766 2377 ἐφ’
791 2292 1086 2378 ἑκάστηςστρορῆς,
1117 2291 1277 2378 παράγρα-

164 2415 240 2490 φρς·
274 2395 322 2461 ἐπὶ
355 2396 390 2461 δὲ
421 2404 473 2461 τοῦ
506 2397 672 2462 τελευταίου
706 2395 825 2479 κώλου,
860 2396 914 2460 δύο
946 2398 1059 2460 διπλαῖ·
1090 2397 1111 2480 ἡ
1139 2394 1191 2478 μὲν
1213 2391 1275 2458 κατ’

165 2499 277 2586 ἀρχάς,
298 2503 319 2587 ἡ
343 2502 377 2567 δὲ
407 2489 538 2567 κατὰτὸ
571 2499 673 2576 τέλος1
701 2498 867 2585 ἀμφότεραι
895 2497 991 2583 μέντοι
1017 2501 1078 2572 ἔξω
1106 2508 1279 2567 νενευκυῖαι·

165 2604 217 2672 διὰ
240 2606 354 2671 τούτων
390 2607 554 2691 δηλούντων
588 2607 673 2690 ἡμῶν
705 2604 749 2670 ὅτι
779 2603 1010 2676 ἀνταποδίδοται
1057 2605 1148 2686 Quae
1177 2605 1277 2669 verba

164 2709 284 2772 uereor
306 2715 341 2772 ut
364 2711 449 2773 omni
472 2721 563 2793 parte
584 2711 712 2785 integra
735 2710 808 2772 sint.

235 2813 410 2878 Adiiciam
433 2835 516 2900 quae
539 2815 600 2879 sub
623 2817 720 2878 finem
750 2814 863 2896 eapitis
886 2813 920 2874 in
947 2812 1022 2876 coda
1050 2811 1168 2874 Veneti
1195 2829 1279 2873 mam

166 2919 242 3002 gine
263 2917 434 3002 leguntur,
471 2940 489 2982 a
515 2918 699 2983 Gaisfordio
729 2917 872 2981 omissa:
906 2913 944 2977 Αἱ
966 2913 1148 2995 συγκείμεναι
1166 2909 1205 2976 >tx
1222 2920 1279 2996 τῆς

166 3019 365 3107 παραγράρου
387 3008 438 3088 διαὶ
459 3031 517 3089 τῶν
541 3025 653 3088 διπλῶν
675 3031 729 3109 τῆς
747 3019 990 3094 ἕξωνενευπυίας
1007 3015 1127 3103 καὶτῆς
1150 3017 1214 3082 ἔσω

343 3149 345 3155 .
374 3144 406 3192 μ
425 3161 436 3180 0
453 3131 502 3174 ⁴-
655 3161 700 3175 -
724 3160 732 3176 ⁸
763 3146 795 3193 κ
851 3155 855 3162 .

328 3233 341 3265 ’·
361 3237 437 3287 ’νυ
471 3246 503 3293 *5
659 3251 691 3298 >e
725 3248 785 3297 0>-

167 3329 332 3398 Hahemus
353 3336 407 3400 hie
429 3338 598 3418 utramque
620 3333 740 3416 diplom
762 3350 835 3395 oum
863 3331 1078 3414 paragrapho,
1107 3349 1191 3413 quae
1213 3331 1279 3413 sig-

167 3444 283 3500 norum
308 3439 459 3502 iunctura
483 3454 621 3521 prorsus
644 3452 717 3499 eum
751 3454 823 3499 usu
840 3451 957 3497 eorum
984 3434 1172 3496 oritioorum
1201 3450 1279 3496 oon

167 3543 267 3626 venit,
301 3537 363 3627 qdi
405 3541 541 3607 ducibus
583 3540 801 3623 Aristophane
841 3548 873 3601 et
910 3536 1100 3600 Aristarcho
1137 3535 1280 3599 dramata

168 3642 295 3710 Graeca
326 3644 558 3710 distinxerunt:
592 3643 720 3726 dequo
751 3641 834 3704 infra
856 3639 978 3721 passim
1009 3626 1181 3700 dicendum
1206 3637 1280 3698 erit.

134 3816 140 3823 μ
166 3749 219 3814 De
241 3751 343 3815 alte'ha
365 3752 449 3835 signi
471 3750 585 3831 forma,
608 3758 692 3832 quae
714 3744 893 3825 subiicitur,
921 3741 954 3804 h.
968 3761 996 3805 e.
1019 3741 1062 3804 de
1076 3738 1163 3822 dipla
1180 3741 1281 3824 gemb

167 3866 244 3944 nata
266 3854 343 3919 nihil
364 3875 416 3944 me
438 3855 641 3938 inpromptu
663 3847 782 3914 hahere
800 3846 905 3910 fateor
924 3842 1012 3927 quod
1034 3841 1163 3905 adeius
1187 3860 1280 3904 usum
1330 3896 1331 3899 ,

166 3948 395 4046 illustrandum
419 3958 574 4038 conferat.
620 4036 623 4041 Ι
1158 3951 1161 3956 ’

167 4190 177 4203 ”
221 4172 344 4264 d)⁷Quid
361 4147 535 4270 υῖλρῖιταβολῆ
553 4193 739 4265 rhythmorum
758 4186 878 4274 ostendit
890 4185 1035 4241 Aristides
1048 4163 1145 4250 onus
1164 4182 1281 4237 demus.

274 4272 832 4352 l.p.'42·‘cteundentt;p.teo.··
891 4287 907 4315 τ
964 4291 987 4336 '.
1064 4293 1101 4314 ι.
