2902 4822
616 399 736 506 *31

161 561 311 673 apposita
323 591 362 653 ab
380 590 443 654 alio
457 589 541 672 ullo,
565 609 662 672 quem
682 590 843 672 novimus,
862 609 971 654 earum
989 609 1097 653 rerum
1113 591 1274 673 scriptore

162 697 339 779 superstite
372 694 520 776 exposita
563 712 655 775 esse,
701 713 753 756 me
785 692 892 757 iudice
928 712 993 756 non
1026 693 1187 776 ineptierit
1220 696 1275 779 qui

163 809 292 882 sumpta
322 819 360 878 ea
383 816 424 860 ex
446 813 511 858 nno
534 794 679 859 alterove
710 795 796 859 haud
817 795 918 861 multo
947 807 1023 880 post
1053 796 1276 861 Aristarchum

162 901 294 986 vulgato
327 901 423 965 buius
457 898 497 962 de
532 898 634 981 signis
668 895 768 982 opere
800 909 939 983 putaret,
975 899 1045 962 sive
1076 898 1276 964 adverbum

162 1005 366 1086 transcripta,
401 1003 481 1083 sive,
517 1000 604 1084 quod
638 1001 756 1085 malim,
790 1005 823 1065 in
853 1001 953 1065 breve
975 1001 1116 1067 redacta.
1160 1001 1276 1087 Neque

163 1127 204 1171 eo
229 1108 335 1170 minus
359 1123 422 1189 ego
447 1105 696 1187 intercesserim,
730 1107 758 1170 si
781 1107 853 1190 quis
876 1125 914 1168 ea
943 1125 984 1168 ex
1006 1106 1078 1188 ipso
1101 1106 1277 1170 Aristonici

163 1209 248 1274 libro
271 1218 427 1290 excerpta
449 1208 678 1290 suspicaretur,
713 1227 777 1292 quo
799 1208 999 1291 probabilius
1028 1217 1185 1292 osteum,
1221 1210 1276 1292 qui

165 1313 289 1380 scholia
311 1312 342 1377 A
365 1310 558 1391 conscripsit
581 1329 683 1393 seque
707 1311 885 1376 Aristonici
911 1310 992 1374 libro
1019 1312 1052 1373 in
1084 1313 1276 1375 concinnan-

164 1417 215 1481 dis
237 1417 277 1479 iis
300 1434 396 1479 usum
417 1433 492 1477 esse
513 1413 584 1494 ipse
607 1421 745 1477 testatus
779 1426 829 1479 est
852 1415 896 1495 (v.
920 1421 949 1488 s.
973 1416 1007 1493 3)
1032 1416 1128 1479 etiam
1150 1435 1189 1478 ea
1211 1435 1277 1478 me-

163 1520 286 1584 moriae
308 1516 491 1597 mandasse,
516 1534 598 1598 quae
626 1516 658 1576 in
681 1517 795 1581 eodem
819 1517 932 1581 codice
960 1537 1045 1581 nunc
1073 1519 1234 1581 nescimus
1257 1538 1276 1581 a

165 1642 230 1707 quo
254 1622 437 1702 conscripta
460 1619 709 1684 continerentur.
755 1619 907 1684 Ceterum
929 1621 958 1684 si
986 1641 1068 1705 qnae
1091 1621 1132 1682 de
1153 1622 1276 1684 ratione

165 1725 275 1809 operis
298 1725 338 1787 de
360 1723 464 1806 signis
486 1720 695 1785 Aristarchiis
719 1723 760 1786 ab
784 1724 970 1788 Aristonico
1003 1725 1179 1806 conscripti
1202 1743 1278 1788 con·

166 1837 253 1892 stant
271 1827 348 1891 huie
369 1825 563 1908 Fragmento
586 1823 805 1906 adhibeamus,
837 1845 901 1909 quo
931 1827 1092 1890 neminem
1113 1828 1277 1910 praeterit,

166 1929 326 2014 quosdam
347 1927 479 1992 notandi
502 1926 617 1990 modos
640 1927 858 1992 Aristarcbios
881 1929 1013 1993 brevius
1035 1929 1161 1993 absolvi
1183 1950 1278 2012 quam

165 2031 326 2116 prolixior
346 2031 524 2095 Aristonici
545 2031 691 2093 tractatio
714 2032 835 2113 siverit,
858 2050 896 2093 ao
929 2041 1052 2094 tantum
1082 2051 1147 2094 non
1176 2031 1279 2094 obiter

166 2135 362 2219 perstringi,
392 2153 530 2197 necesse
553 2142 603 2196 est
624 2143 820 2216 statuamus,
850 2134 1035 2219 Fragmenti
1057 2144 1279 2217 argumentum

168 2246 324 2321 exparte
347 2237 455 2319 operis
479 2234 586 2320 aliqua
608 2238 738 2318 praevia
756 2237 868 2318 fuisse,
891 2258 954 2320 qua
970 2239 1122 2300 universe
1133 2236 1280 2320 singulae

167 2350 264 2404 notae
280 2349 445 2402 enarratae
468 2358 644 2420 earumque
655 2348 834 2420 potestates
851 2340 960 2407 variae
974 2339 1141 2422 expositae
1153 2351 1278 2404 essent:

170 2462 233 2527 qua
256 2441 445 2524 praemisso,
468 2441 518 2504 fas
541 2452 591 2504 est
614 2451 728 2522 putare
751 2441 879 2503 demum
907 2442 1085 2504 insecutam
1114 2460 1189 2505 esse
1217 2443 1280 2524 pri-

169 2545 303 2607 mariam
335 2553 469 2627 partem,
501 2564 566 2628 qua
600 2542 719 2626 singuli
750 2543 815 2607 loci
846 2542 1008 2607 Homerici
1038 2542 1192 2627 deinceps
1220 2565 1282 2610 suo

171 2650 310 2732 quisque
343 2647 466 2729 ordine,
501 2665 566 2729 quo
594 2646 626 2708 in
649 2647 844 2712 carminibus
867 2646 1061 2732 legerentur,
1094 2646 1282 2712 incensum

170 2751 345 2814 venissent
390 2747 559 2832 Utcunque
580 2768 660 2812 vero
683 2769 719 2812 ea
744 2750 784 2813 de
818 2751 1001 2814 coniectura
1030 2770 1101 2813 mea
1123 2750 1284 2814 iudicave-

172 2854 228 2935 riS,
262 2874 327 2917 non
350 2852 479 2916 videtur
502 2850 633 2914 dubium
657 2872 741 2935 esse,
777 2855 852 2937 quin
874 2873 956 2936 quae
978 2852 1172 2937 Fragmento
1195 2853 1284 2916 exbi-

174 2955 289 3018 bentur
323 2957 436 3039 copiae
468 2975 509 3019 ex
542 2956 773 3039 antiquissimis
810 2958 880 3020 eius
922 2954 1109 3037 disciplinae
1141 2956 1285 3020 fontibus

174 3056 336 3122 derivatae
358 3060 432 3123 sint.

587 3324 589 3329 ,
687 3274 715 3341 s.
738 3268 769 3328 7.

465 3416 748 3480 De'Anecdoto
778 3423 996 3481 Harleieno.

264 3573 414 3639 Omnium
442 3582 602 3657 quotquot
632 3573 672 3637 de
705 3574 790 3636 notis
833 3573 953 3638 criticis
989 3579 1126 3635 aetatem
1148 3568 1289 3632 tulerunt

178 3677 384 3760 scriptorum,
417 3675 609 3761 Fragmento
632 3674 769 3757 Veneto,
803 3674 932 3758 dequo
956 3673 983 3755 ξ.
1007 3673 1027 3735 6
1050 3672 1201 3755 exposui,
1224 3673 1289 3737 for·

179 3790 267 3845 tasse
290 3789 439 3862 excepto,
464 3790 496 3843 et
517 3779 699 3863 argumenti
720 3777 843 3840 ratione
865 3786 898 3840 et
920 3775 1106 3859 antiquitate
1124 3774 1166 3837 ad
1184 3776 1291 3839 Aneo-

181 3883 292 3947 dotum
311 3881 491 3946 Romanum
513 3883 659 3965 proxime
681 3878 806 3944 accedit
821 3878 1038 3960 Harleianum,
1061 3878 1159 3963 quod,
1182 3890 1293 3943 nostra

181 3985 310 4050 demum
339 3994 444 4048 aetate
476 3986 509 4048 in
541 3983 648 4047 lucem
669 3993 879 4065 protractum,
912 3993 987 4065 post
1021 3979 1180 4046 Venetum
1200 4001 1295 4064 repes

180 4088 312 4152 tendum
333 4088 455 4172 curavi,
478 4087 692 4171 perexiguum
710 4085 839 4170 quidem
862 4094 894 4148 et
915 4086 1033 4149 misere
1056 4084 1210 4165 habitum,
1234 4082 1294 4147 sed

182 4190 329 4273 pluribus
353 4192 535 4259 nominibus
557 4188 653 4254 valde
675 4187 891 4253 memorabile.
926 4188 1027 4253 Cuius
1049 4188 1089 4250 de
1111 4185 1295 4249 conditione
