2902 4822
565 423 755 503 ‘177

162 643 246 708 qnae
279 644 319 687 ex
342 621 576 688 Siehenkeesio
599 618 774 703 attulimus,
807 637 911 703 prope
944 619 1101 684 accedere
1134 618 1270 706 figuram

162 739 258 789 notae
290 728 342 806 ιζ·
368 773 377 806 ,
401 745 465 808 qua
488 734 572 787 teste
594 722 708 786 Altero
732 723 763 785 in
786 723 858 787 cod.
882 721 1020 787 Vindoh.
1044 723 1085 787 ad
1102 722 1282 810 Odyssia

162 821 226 893 ³296
249 829 341 909 (294)
364 828 435 892 finis
459 828 629 912 Odysseae
659 826 863 912 designatur:
896 828 959 892 hoc
992 828 1074 904 enim
1105 848 1204 909 vorsu
1232 825 1281 891 de.

163 933 321 994 sententia
346 931 572 1014 Aristophanis
595 929 841 1014 Aristarchique
864 931 1045 1016 Odysseam
1068 930 1187 995 desiise
1209 941 1281 994 tra·.

164 1036 243 1100 dunt
265 1034 407 1121 Scholia.
442 1034 551 1119 Atque
573 1035 603 1096 in
629 1034 744 1098 eodem
767 1032 905 1100 Vindoh.
927 1037 1060 1120 insuper
1075 1029 1273 1120 adscriptum
1341 1090 1346 1096 ,

162 1139 249 1216 τέλος
266 1134 454 1215 Ὀδυσσείας.

669 1269 698 1334 S·
726 1262 778 1326 57.

621 1388 674 1442 De
696 1387 820 1458 alogo.

252 1517 361 1584 Verbo
384 1520 465 1584 haec
488 1529 564 1584 nota
586 1520 797 1584 Aristarchiis
820 1520 852 1582 in
875 1517 985 1584 Schol.
1003 1518 1042 1585 V.
1060 1520 1148 1584 lliad.
1168 1521 1278 1612 rr,le

165 1624 328 1689 vindicata
350 1626 402 1688 hic
420 1635 514 1715 certe
538 1623 817 1700 commemoranda
843 1634 911 1687 est:
945 1622 1083 1687 alienam
1112 1623 1215 1687 fuisse
1237 1623 1278 1687 ah

166 1747 230 1791 usu
252 1728 444 1810 Aristarchi,
468 1728 668 1794 ostendimus
701 1727 792 1808 infra,
816 1726 871 1790 uhi
906 1726 946 1790 de
976 1727 1140 1812 notatione
1162 1723 1279 1788 Roma÷

167 1848 284 1893 norum
307 1851 415 1894 sermo
439 1842 499 1895 est.
1297 1826 1304 1832 ’

669 1985 698 2068 a.
728 1985 779 2049 ss.

193 2110 244 2166 De
274 2110 480 2188 zenodoti,
514 2109 802 2185 Aristophanis,
840 2108 1008 2182 inprimis
1039 2109 1260 2167 Aristarchi

542 2217 678 2274 studiis
707 2215 910 2274 Hesiodiis.

259 2350 424 2436 Expositis
453 2354 515 2416 iarn
536 2353 574 2416 iis
600 2371 682 2435 quae
713 2351 753 2414 de
783 2371 845 2414 usu
879 2353 1063 2415 criticorum
1092 2349 1283 2416 Homerico·

172 2475 243 2517 rum
275 2454 466 2519 Aristarcho
496 2457 710 2537 posteriorum
743 2455 876 2518 dicenda
910 2457 979 2519 visa
1004 2466 1097 2538 sunt,
1128 2455 1170 2518 ad
1199 2456 1285 2520 huno

173 2559 290 2641 ipsum,
326 2561 381 2642 qui
402 2562 518 2623 ceteris
542 2562 573 2622 in
602 2569 669 2622 tota
702 2558 763 2622 hac
787 2557 954 2642 disciplina
988 2558 1092 2622 facem
1123 2558 1283 2642 praetulit,

138 2748 139 2751 Ἴ
174 2682 215 2726 eo
238 2665 374 2727 consilio
391 2666 629 2746 revertendum,
653 2674 686 2728 ut
707 2674 876 2746 postquam
894 2682 958 2746 quo
979 2662 1075 2726 modo
1090 2663 1123 2726 in
1145 2662 1285 2726 notando

122 2760 131 2777 ¹
173 2761 316 2830 Homero
338 2780 487 2831 versatus
511 2770 563 2850 sit,
588 2787 686 2850 supra
709 2765 914 2848 explanatum
937 2776 997 2845 est,
1027 2767 1122 2829 etiam
1145 2765 1287 2836 ea-antie

175 2888 310 2951 quorum
334 2872 454 2953 scripta
486 2871 709 2955 designentur,
742 2869 860 2952 quihus
895 2869 1030 2932 eandem
1065 2870 1118 2932 vel
1151 2867 1286 2932 similem

173 2980 270 3063 atque
291 2973 323 3034 in
347 2972 487 3037 Homero
511 2994 619 3037 curam
643 2973 842 3056 impenderit.
877 2973 926 3036 Ac
949 2993 1027 3037 sane
1051 2993 1145 3057 quem
1168 2975 1200 3035 in
1222 2972 1286 3036 hoc

173 3078 333 3161 scriptore
356 3080 593 3142 commentariis
626 3080 775 3162 notisque
810 3077 930 3142 criticis
959 3079 1044 3141 omni
1073 3077 1169 3141 modo
1192 3075 1286 3140 ador·

174 3180 281 3243 nando
304 3193 393 3246 tanto
416 3183 532 3246 ardore
565 3194 596 3245 et
621 3183 728 3246 studio
759 3192 923 3245 uersatum
949 3182 1081 3263 scirnuS,
1116 3181 1231 3243 mirum
1250 3180 1286 3242 ni

173 3283 258 3347 idem
281 3269 436 3368 Hesiodo,
460 3297 565 3349 aetate
585 3287 630 3349 illi
652 3297 684 3350 et
706 3306 825 3372 genere
849 3287 999 3350 carminis
1018 3287 1165 3368 proximo
1177 3303 1287 3368 parem

174 3397 229 3448 aut
250 3387 384 3450 similem
404 3408 513 3452 curam
531 3391 756 3472 praestitisset,
776 3409 872 3471 quum
891 3389 1080 3470 praesertim
1092 3388 1120 3451 si
1134 3405 1198 3448 non
1215 3386 1284 3478 ipsa

174 3491 343 3574 utriusque
367 3506 481 3574 poetae
505 3495 743 3559 necessitudine
769 3506 876 3557 mutua
907 3493 1103 3575 admonitus,
1138 3490 1284 3576 magistri

175 3593 225 3656 sui
244 3595 392 3678 exemplo
406 3597 446 3660 ad
465 3599 551 3662 hunc
569 3598 712 3662 lahorem
731 3597 971 3680 suscipiendum
985 3595 1134 3678 compelli
1154 3595 1284 3658 debuis-

174 3707 235 3758 set.
280 3695 424 3763 Hesiodo
453 3698 627 3783 Ephesium
657 3699 858 3763 Zenodotum
888 3718 1020 3780 operam
1052 3717 1142 3760 snam
1173 3706 1285 3760 contu·
1366 3766 1368 3769 ,
1398 3765 1401 3767 Α

174 3794 263 3880 lisse,
288 3811 377 3864 certo
401 3803 596 3867 contendere
619 3823 682 3866 non
706 3803 808 3866 ausim
832 3821 904 3865 cum
922 3799 1107 3865 hluetzellio
1122 3797 1192 3862 Em.
1205 3796 1282 3862 Hes.

174 3898 296 3988 Theog.
320 3926 352 3987 p.
375 3906 449 3987 283,
473 3927 567 3971 unam
591 3909 781 3990 scripturam
797 3903 918 3989 Theog.
942 3908 1018 3967 dex
1036 3903 1167 3986 Ephesii
1179 3923 1284 3988 gram-

175 4007 281 4068 matici
318 4010 507 4074 recensione
540 4011 732 4074 vindicante.
759 4010 789 4094 ¹)
845 4008 1030 4073 Perincerta
1066 4010 1148 4071 enirn
1189 4008 1284 4072 huius

225 4176 257 4246 ¹1)
275 4176 415 4235 Nicandro
434 4189 503 4238 teste
522 4181 604 4238 Ther.
629 4183 645 4234 8
670 4179 809 4235 Hesiodus
836 4178 909 4260 huno
932 4179 1045 4234 fluvium
1064 4180 1190 4255 Πφμηοὸς
1216 4177 1284 4231 alihi

230 4276 231 4281 ’
284 4268 448 4340 appellavit:
467 4271 502 4326 dc
528 4286 583 4345 quo
601 4269 664 4325 loco
681 4284 707 4323 v.
726 4265 854 4336 Hoetaell
875 4284 903 4339 p.
924 4268 983 4322 tao.
1002 4281 1044 4337 sq.
1080 4265 1172 4337 Aeque
1188 4278 1284 4334 quan.

868 4387 870 4396 ·
1013 4353 1057 4418 12
1091 4409 1100 4428 χ
