2902 4822
695 419 773 497 178

173 617 345 685 testimonii
368 615 555 681 auotoritas.
592 610 704 678 Sobel.
726 607 896 696 Περμησὸς,
919 607 952 676 ὃν
973 613 1112 679 καλοῦσα
1133 607 1162 679 αἱ
1183 607 1287 696 ἐγχά-

171 745 229 809 ρινι
249 719 299 788 bd
318 718 355 786 τὸ
377 727 495 806 πρῶτον
518 725 644 804 φανῆναι
666 713 838 801 Πάρμησσν,
873 714 917 790 ὥς
938 738 1011 800 φησι
1032 712 1152 802 Κράτης
1174 712 1204 782 ἒν
1224 724 1289 791 ταῖς

171 827 349 896 Βαιωακοῖσ
388 815 554 906 ’Eminet
576 818 611 885 tl
631 816 674 893 εἷς
693 819 744 904 τὴν
765 817 914 882 Κωπαΐδα
927 892 929 897 .
941 819 1053 902 λίμνην.
1091 812 1145 883 Ἔν
1168 815 1205 895 δὲ
1224 824 1287 891 ταῖς

171 925 372 1012 Ζηνσδααίαις
393 922 502 1010 γράφει
523 927 700 1009 Τερμησαῖα.
737 920 800 997 Τὰς
821 920 857 986 δὲ
878 919 975 1006 πηγὰς
997 922 1061 1007 ἔχει
1073 932 1136 988 elo.
1172 920 1286 1005 Vides,

151 1069 152 1072 =
170 1030 232 1094 nisi
244 1048 319 1094 cum
330 1026 514 1093 Gaisfordio
527 1022 670 1110 γράφεται
683 1024 874 1108 scribamus,
888 1027 961 1110 quis
975 1025 1029 1090 ille
1043 1027 1096 1107 sit,
1113 1025 1169 1110 qni
1181 1025 1286 1109 scrip·

157 1135 255 1206 ,sisse
276 1131 330 1197 vel
351 1131 524 1196 tradidisse
547 1131 683 1213 dicatur,
707 1129 838 1193 dubium
862 1148 952 1211 esse3
986 1131 1014 1194 si
1037 1149 1117 1195 vero
1144 1130 1180 1193 in
1202 1147 1286 1207 uoce

168 1233 277 1321 γράφει
297 1237 520 1322 persistamus,
553 1254 618 1300 non
650 1253 750 1318 posse
774 1253 837 1296 non
866 1233 928 1296 boc
951 1233 990 1296 ad
1022 1232 1184 1298 Cratetem
1206 1253 1285 1298 eun·

168 1338 253 1422 dem,
284 1339 339 1423 qui
361 1348 455 1402 antea
479 1345 674 1402 memoratus
698 1345 759 1418 est,
791 1334 915 1399 referri.
959 1333 1041 1399 'lum
1075 1334 1156 1400 illud
1177 1336 1284 1419 ipsum

170 1441 200 1508 ἐν
223 1451 284 1517 τοῖς
306 1441 506 1525 Ζηνοδοτείοις
527 1441 667 1525 ambigui
680 1460 797 1505 sensus
818 1451 878 1521 est,
903 1439 1162 1525 quandoquidem
1176 1448 1284 1504 utrum

171 1545 367 1630 exemplaria
388 1543 597 1631 Theogoniae
632 1542 684 1607 vel
714 1543 871 1609 lectiones
901 1544 954 1609 vel
975 1545 1106 1630 glossae
1129 1542 1283 1627 (probum

172 1663 338 1716 auctorem
361 1649 566 1715 Muet'zellius
589 1650 706 1713 asserit
728 1651 922 1736 scripturum
945 1650 1046 1714 fuisse
1067 1652 1145 1728 ταῖς)
1168 1646 1283 1713 intelli·

171 1765 298 1841 gantur,
322 1776 363 1820 an
382 1753 464 1818 liber
486 1753 615 1837 quidam
629 1751 768 1817 Cratetis
779 1754 908 1817 nomine
922 1751 1098 1836 Ζηνοδότεια
1107 1753 1283 1837 inscriptus

171 1860 382 1945 significetur,
405 1859 534 1922 minime
557 1866 695 1922 constat.
731 1857 802 1938 Quo
826 1857 996 1922 obscurior
1018 1876 1096 1922 vero
1119 1856 1230 1921 bacin
1246 1874 1283 1921 re

171 1962 328 2028 Zenodoti
347 1962 527 2028 studiorum
545 1961 628 2024 lama
648 1972 709 2044 est,
730 1972 820 2025 tanto
840 1963 943 2026 minus
962 1961 1098 2026 dubitari
1118 1970 1227 2044 potest
1241 1958 1282 2023 dc

169 2056 388 2151 Aristophane
410 2064 588 2150 Byzantio,
611 2066 872 2151 quandoquidem
896 2067 1030 2133 Hesiodi
1049 2068 1182 2151 scripta,
1205 2048 1281 2133 nunt

167 2165 231 2232 hoc
244 2166 297 2232 vel
311 2166 390 2230 illud
402 2178 491 2231 recte
504 2169 573 2231 eius
587 2169 706 2231 nomini
718 2170 968 2254 adscriberetur,
985 2171 1143 2235 severiori
1162 2168 1281 2235 iudicio

166 2289 239 2334 eum
263 2269 443 2334 subiecisse
467 2289 507 2332 ex
531 2289 570 2333 eo
594 2271 759 2353 probabile
790 2284 850 2355 est,
885 2275 973 2358 quod
997 2270 1170 2359 Ὗπαθὴκας
1191 2267 1280 2339 certe

165 2370 310 2437 Hesiodo
342 2371 546 2437 abiudicasse
576 2394 594 2436 a
630 2373 825 2455 Quintiliano
855 2377 879 2460 l,
906 2379 934 2461 1,
969 2379 1010 2443 15
1037 2377 1184 2443 traditur.
1230 2372 1277 2441 ct.

165 2476 331 2542 Muetzell.
363 2499 395 2561 p.
426 2478 499 2541 283.
545 2477 656 2560 Atque
679 2481 836 2565 singulari
869 2504 946 2547 cura
976 2504 1048 2548 eum
1071 2480 1281 2568 Theogoniae

164 2590 252 2645 certe
274 2580 367 2644 locos
390 2581 512 2665 aliquot
546 2581 658 2645 critice
686 2594 856 2670 tractasse,
891 2597 1028 2652 testatur
1058 2585 1225 2656 adnotatio
1248 2584 1280 2648 in

163 2682 304 2748 Scholiis
328 2684 368 2747 ad
389 2704 439 2748 vs.
462 2685 504 2746 68
527 2695 672 2748 servata:
704 2683 908 2776 ἐπεσημήνατο
931 2687 947 2753 ὁ
967 2683 1197 2774 Ἀριστοφάνης,
1226 2686 1281 2752 ubi

165 2789 193 2853 si
214 2809 337 2853 morem
361 2789 457 2852 huius
480 2790 678 2874 grammatici
703 2793 848 2858 criticum
872 2795 1063 2859 recordatus
1079 2792 1192 2877 fueris,
1215 2810 1280 2857 nou

165 2895 287 2978 poteris
304 2894 461 2976 dubitare,
486 2895 562 2978 quin
582 2897 715 2960 verbum
743 2895 984 2983 ἐπισημαίνεσθαι
1006 2900 1046 2962 de
1060 2898 1174 2962 eadem
1186 2898 1280 2983 signo

163 3001 294 3065 notandi
330 2999 562 3065 consuetudine
596 3001 820 3085 accipiendum
857 3003 918 3085 sit,
962 3023 1024 3086 qua
1061 2998 1136 3065 alibi
1173 2997 1279 3083 ἐπιση-

165 3108 318 3187 ρειαῦσθαι
349 3103 483 3184 dicitur,
519 3102 620 3167 veluti
653 3106 684 3167 in
713 3103 821 3168 Sobel.
855 3103 1022 3188 Aristoph.
1050 3101 1151 3186 Vesp.
1175 3100 1279 3165 1480:

165 3204 381 3290 ἑπισημειαῦται
402 3207 452 3290 τὴν
475 3203 550 3280 λέξιν
573 3204 726 3273 κάνταῦθα
747 3208 781 3273 τὸ
805 3211 843 3292 ἴς,
867 3211 919 3274 vel
937 3211 1223 3293 ucpccpperobedut,
1244 3214 1280 3303 ut

162 3309 271 3375 Scbol.
295 3311 334 3374 A.
359 3310 444 3374 lliad.
468 3334 497 3391 κ,
520 3314 592 3376 398.
639 3315 689 3377 Ac
712 3314 819 3379 firmat
840 3315 922 3379 hanc
952 3315 1044 3378 verbi
1072 3312 1279 3399 significatio·

166 3435 240 3478 nem
278 3414 408 3479 Aeneas
442 3414 593 3481 lacticus
631 3418 689 3501 31,
733 3418 788 3482 ubi
826 3415 1082 3504 ἓπισεσημασμένα
1123 3414 1279 3503 γράμματα

167 3520 317 3583 dicuntur
357 3519 483 3584 litterae
523 3521 668 3606 singulae
699 3524 827 3607 punctis
868 3523 1056 3608 distinctae,
1097 3523 1278 3609 eodemque

167 3643 264 3689 sensu
298 3624 394 3688 etiam
425 3621 611 3709 ἐπισημασίαι.
656 3626 791 3690 Omnem
814 3625 970 3690 dubitanti
1001 3623 1190 3709 scrupulum
1212 3624 1278 3691 adi·

165 3760 236 3769 ..ψ-
397 3761 448 3769 —q-

264 3838 319 3884 tum
341 3829 374 3884 ad
395 3831 542 3884 lectionem
563 3831 697 3906 Τερμησοῖα
722 3847 782 3884 cum
803 3830 959 3886 llluetzellio
984 3830 1052 3885 lacit
1069 3829 1277 3886 Schoemannus

264 3917 368 3971 Comm.
383 3915 417 3970 de
433 3915 527 3972 Sebol.
543 3916 647 3985 Thcog.
664 3916 816 3972 Hesiodeae
834 3921 909 3983 1818,
925 3936 952 3989 p.
967 3923 1009 3982 at,
1022 3917 1069 3989 qni
1084 3917 1176 3989 pbrasl
1194 3914 1277 3972 illude

265 4011 316 4063 τοῖς
330 4001 494 4077 &coioniae
508 4002 596 4056 fretus
609 4019 664 4056 non
678 4002 783 4057 dubitat
799 4004 945 4059 editionem
960 4004 1094 4059 Zenodoti
1114 4019 1277 4073 agnoscere.

263 4094 392 4145 Ceterum
411 4092 481 4144 bunc
500 4090 683 4145 Schoemanni
699 4089 823 4144 libellum
838 4092 983 4145 tenendum
1001 4099 1044 4146 cst
1059 4089 1094 4143 ad
1113 4089 1275 4144 medemena
1345 4112 1351 4119 ⁴

261 4176 397 4248 perlatum
409 4193 481 4242 csse,
495 4194 576 4248 quum
587 4193 657 4246 quae
668 4176 718 4230 bac
729 4176 752 4242 ξ.
762 4177 933 4231 continentur
947 4178 1103 4248 conscripta
1113 4180 1275 4231 essentem·

262 4265 321 4322 nia:
335 4278 422 4336 quere
432 4264 504 4328 eius,
513 4261 561 4318 ubi
570 4279 617 4318 res
630 4261 795 4335 postulabat,
803 4264 938 4320 rationem
951 4265 980 4319 in
992 4264 1066 4319 notis
1077 4263 1171 4329 saltim
1182 4260 1276 4324 hebui.
